TRN DATE,TRN/TYPE AND DESCRIPTION,C/V/DATE,DEBIT,CREDIT,BALANCE
,OPENING BALANCE,,,,"251,669.00"
02/07/2025,"PIAPP, OWN BANK N S POULTRY. A/C: 407****186, M/S, N.S POULTRY & FISH FEED.Trx.ID 2025070201-2-236876 OL 1",02/07/2025,,"16,000.00","267,669.00"
02/07/2025,"PIAPP, OWN BANK MANIK. A/C: 196****889, GRAM BANGLA POULTRY FEED & FISH FEED.Trx.ID 2025070201-2-236878 OL 1",02/07/2025,,"19,800.00","287,469.00"
02/07/2025,"PIAPP, OWN BANK ADNAN POULTRY. A/C:118****611, MD. ABUL HUSSAIN. Trx.ID2025070201-2-240521 OL 1",02/07/2025,,"52,360.00","339,829.00"
02/07/2025,"PIAPP, OWN BANK CHICKS PAYMENT. A/C:169****716, M/S ALAK TRADERS. Trx.ID2025070201-2-267348 OL 1",02/07/2025,,"11,000.00","350,829.00"
02/07/2025,"PIAPP, OWN BANK ALOM42944. A/C: 372****576, MASRURA POULTRY FEED. Trx.ID2025070201-2-362897 OL 1",02/07/2025,,"131,600.00","482,429.00"
02/07/2025,"PIAPP, OWN BANK SABUJ KANTICHOWDHURY. A/C: 049****871, M/SSHUVRO ENTERPRISE. Trx.ID 2025070201-2",02/07/2025,,"11,000.00","493,429.00"
02/07/2025,"PIAPP, OWN BANK FOR CHICKS. A/C: 175****720, ANISHA POULTRY PRODUCT. Trx.ID2025070201-2-441595 OL 1",02/07/2025,,"6,160.00","499,589.00"
02/07/2025,"PIAPP, OWN BANK SAHAB. A/C: 104****683, M/S, ENAM TRADERS. Trx.ID 2025070201-2-499731 OL 1",02/07/2025,,"15,000.00","514,589.00"
02/07/2025,"PIAPP, OWN BANK NEW NOOR KHULNA. A/C:285****023, NEW NOOR POULTRY & FISHFEED COMPLEX. Trx.ID 2025070202-2-609353",02/07/2025,,"16,000.00","530,589.00"
02/07/2025,"374-901-57576 DAS POULTRY COR, BARISALBRANCH OL 1",02/07/2025,,"30,000.00","560,589.00"
02/07/2025,"3070-909-0, SHAISTAGONJ BRANCH OL 1",02/07/2025,,"196,300.00","756,889.00"
02/07/2025,"PIAPP, OWN BANK AFRIN TRADERS. A/C: 019****939, M/S RAKIB LEYAR AGRO FARM.Trx.ID 2025070202-2-644277 OL 1",02/07/2025,,"15,700.00","772,589.00"
02/07/2025,"EFT - ISLAMI BANK BANGLADE, IBANKING,COMP. - NOT APPLICABLE TRXID.: 20250702-8-656966 EFTN 1",02/07/2025,,"55,000.00","827,589.00"
02/07/2025,"3669-909-0, NOAPARA BAZAR BRANCH(IQBAL) OL 1",02/07/2025,,"7,040.00","834,629.00"
02/07/2025,"4725-909-0, RAIPURA BRANCH (RATON) OL 1",02/07/2025,,"12,100.00","846,729.00"
02/07/2025,"PIAPP, OWN BANK ARIYAN POULTRY. A/C:360****811, M/S ARIYAN AND ARABIPOULTRY & FEED. Trx.ID 2025070202-2-770824",02/07/2025,,"18,000.00","864,729.00"
02/07/2025,"2133-909-0, MADABPASHA BRANCH (DELWAR)OL 1",02/07/2025,,"2,500.00","867,229.00"
02/07/2025,INTERBANK FUND TRANSFER ISLAMI BANKBANGLADESH LIMITED 20507770223082738 0,02/07/2025,,"18,000.00","885,229.00"
02/07/2025,"2576-901-14798 SIKDER POULTRY,NAYERGAON BAZAR BRANCH OL 1",02/07/2025,,"9,100.00","894,329.00"
02/07/2025,939-901-41774 KAZI FARMS LIMI OL 1,02/07/2025,,"125,000.00","1,019,329.00"
02/07/2025,"2340-901-9721 MAKKA MADINA AG,MADUNAGHAT BRANCH OL 1",02/07/2025,,"100,000.00","1,119,329.00"
02/07/2025,"1008-901-10378 RAHI POULTRY FE, TAJPURBRANCH (OL) OL 1",02/07/2025,,"29,700.00","1,149,029.00"
02/07/2025,"1613-909-0, GAIBANDHA BRANCH (AZAD) OL 1",02/07/2025,,"5,500.00","1,154,529.00"
02/07/2025,"4240-901-819 RUPALI POULTRY, RAJAR BAZAR BRANCH OL 1",02/07/2025,,"70,000.00","1,224,529.00"
02/07/2025,"1674-909-0, BABUGONJ BRANCH OL 1",02/07/2025,,"21,600.00","1,246,129.00"
02/07/2025,"4091-901-18297 M/S. ASA TRADER, NAVARAN BAZAR BRANCH OL 1",02/07/2025,,"50,000.00","1,296,129.00"
02/07/2025,"4924-901-1708 ANWAR POULTRY F, MONIRAMPUR BRANCH OL 1",02/07/2025,,"5,000.00","1,301,129.00"
02/07/2025,"4362-901-14288 M/S TALUKDER P, GALACHIPA BRANCH OL 1",02/07/2025,,"10,000.00","1,311,129.00"
02/07/2025,"4362-901-14288 M/S TALUKDER P, GALACHIPA BRANCH OL 1",02/07/2025,,"7,000.00","1,318,129.00"
02/07/2025,"1215-909-0, BHOLA BRANCH OL 1",02/07/2025,,"15,000.00","1,333,129.00"
02/07/2025,"626-909-0, SREEMONGAL BRANCH OL 1",02/07/2025,,"6,000.00","1,339,129.00"
02/07/2025,"4465-909-0, BHALUKA BRANCH OL 1",02/07/2025,,"115,400.00","1,454,529.00"
02/07/2025,"PIAPP, OWN BANK MAWA. A/C: 406*-***-***884, M/S MAWA POULTRY CHICKS & FEED CENTRE. Trx.ID 2025070202-2-835402 OL 1",02/07/2025,,"114,500.00","1,569,029.00"
02/07/2025,"PIAPP, OWN BANK BUSINESS, A/C: 329*-***-**384, M/S. SHAHADAT POULTRY FEEDS. Trx.ID 2025070202-2-836696 OL 1",02/07/2025,,"21,000.00","1,590,029.00"
02/07/2025,"2239-909-0, TEBUNIA BRANCH OL 1",02/07/2025,,"16,200.00","1,606,229.00"
02/07/2025,"4266-901-9717 M/S FAISAL POUL, PHULTALA BRANCH (CD 9717) OL 1",02/07/2025,,"2,440.00","1,608,669.00"
02/07/2025,"2672-901-21804 M/S. SATATA TRA, MOHADEVPUR BRANCH OL 1",02/07/2025,,"80,000.00","1,688,669.00"
02/07/2025,"4847-909-0, CHANDINA BRANCH OL 1",02/07/2025,,"22,000.00","1,710,669.00"
02/07/2025,"504-909-0, JAMALGONJ BRANCH (EMU TRADERS) OL 1",02/07/2025,,"4,600.00","1,715,269.00"
02/07/2025,"4940-901-7936 M/S TAHSIN TABA, KUMARKHALI BRANCH OL 1",02/07/2025,,"20,000.00","1,735,269.00"
02/07/2025,"4518-901-12024 HASANIA ENTERPR, CHUKNAGAR(RURAL BRANCH OL 1",02/07/2025,,"50,000.00","1,785,269.00"
02/07/2025,"4370-909-0, ALAMDANGA BRANCH OL 1",02/07/2025,,"45,000.00","1,830,269.00"
02/07/2025,"PIAPP, OWN BANK AIDEL. A/C: 265*-***-***866, BISHMILLAH POULTRY CHICKS & FEED. Trx.ID 2025070202-2-866657 OL 1",02/07/2025,,"80,000.00","1,910,269.00"
02/07/2025,"PIAPP, OWN BANK FOR CHICKS. A/C: 175*-***-**720, ANISHA POULTRY PRODUCT. Trx.ID 2025070202-2-866722 OL 1",02/07/2025,,"17,600.00","1,927,869.00"
02/07/2025,"4847-909-0, CHANDINA BRANCH OL 1",02/07/2025,,"40,000.00","1,967,869.00"
02/07/2025,"1181-901-15460 FULECHA POULTR, NABIGONJ BRANCH OL 1",02/07/2025,,"11,000.00","1,978,869.00"
02/07/2025,"1942-901-43161 M/S BHAI BHAI E, KHAGRACHARI BRANCH OL 1",02/07/2025,,"50,000.00","2,028,869.00"
02/07/2025,"PIAPP, OWN BANK MDANU. A/C: 352*-***-***197, M/S HALIMA POULTRY PRODUCT. Trx.ID 2025070202-2-876540 OL 1",02/07/2025,,"20,000.00","2,048,869.00"
02/07/2025,"PIAPP, OWN BANK FEED. A/C: 139*-***-***698, G. K. DAIRY & AGRO. Trx.ID 2025070202-2-880002 OL 1",02/07/2025,,"40,300.00","2,089,169.00"
02/07/2025,"PIAPP, OWN BANK SYLH087. A/C: 356*-***-***801, NAZAT AGRO. Trx.ID 2025070202-2-882729 OL 1",02/07/2025,,"11,000.00","2,100,169.00"
02/07/2025,"2178-901-17240 M/S AWUL POULTR, THAKURGAON ROAD BRANCH OL 1",02/07/2025,,"55,000.00","2,155,169.00"
02/07/2025,4924-901-12060 ALIF POULTRY & MONIRAMPUR BRANCH (CD-12060) OL 1,02/07/2025,,"30,000.00","2,185,169.00"
02/07/2025,"2178-901-17240 M/S AWUL POULTR, THAKURGAON ROAD BRANCH OL 1",02/07/2025,,"40,000.00","2,225,169.00"
02/07/2025,"4985-901-2093 M/S ANNYE ENTER, BHULTA BRANCH OL 1",02/07/2025,,"25,850.00","2,251,019.00"
02/07/2025,"PIAPP, OWN BANK A. A/C: 528*-***-***393, M/S SAGOR POULTRY FEED. Trx.ID 2025070202-2-896803 OL 1",02/07/2025,,"50,000.00","2,301,019.00"
02/07/2025,"4518-901-15577 M/S BISWAS POUL, CHUKNAGAR(RURAL BRANCH OL 1",02/07/2025,,"100,000.00","2,401,019.00"
02/07/2025,"PIAPP, OWN BANK BUSINESS. A/C: 469*-***-***956, M/S APON ENTERPRISE. Trx.ID 2025070202-2-903460 OL 1",02/07/2025,,"30,000.00","2,431,019.00"
02/07/2025,"2316-901-7550 SHAHIN POULTRY, PAGLA BAZAR BRANCH OL 1",02/07/2025,,"50,000.00","2,481,019.00"
02/07/2025,"581-901-35596 ALIM POULTRY FE, BHERAMARA BRANCH OL 1",02/07/2025,,"70,000.00","2,551,019.00"
02/07/2025,"4160-909-0, PANGSHA BRANCH OL 1",02/07/2025,,"20,000.00","2,571,019.00"
02/07/2025,"4197-901-1785 M/S KALLANY AGR, SITAKUNDA SME BRANCH OL 1",02/07/2025,,"20,000.00","2,591,019.00"
02/07/2025,"PIAPP, OWN BANK HABIB VARIETIES STO. A/C: 102*-***-***515, HABIB VARIETIES STORE. Trx.ID 2025070202-2-914406 OL 1",02/07/2025,,"30,000.00","2,621,019.00"
02/07/2025,"PIAPP, OWN BANK BHAI BHAI, A/C: 245*-***-***740, NEW BHAI BHAI ENTERPRISE. Trx.ID 2025070202-2-916496 OL 1",02/07/2025,,"100,000.00","2,721,019.00"
02/07/2025,"2263-901-14122 SARMI POULTRY F, SARATGONJ BRANCH OL 1",02/07/2025,,"20,000.00","2,741,019.00"
02/07/2025,"3590-901-5811 SYLHET POULTRY, KADAMTALI BRANCH (9073253) OL 1",02/07/2025,,"16,000.00","2,757,019.00"
02/07/2025,"PIAPP, OWN BANK NUR PTY CHIT209 CHICKS TK. A/C: 197*-***-***031, M/S NUR POULTRY FEED & CHICKS CENTER. Trx.ID 2025070202-2-939960 OL 1",02/07/2025,,"15,000.00","2,772,019.00"
02/07/2025,"PIAPP, OWN BANK BUSINESS. A/C: 149*-***-***783, M/S NURUL TRADERS. Trx.ID 2025070202-2-939960 OL 1",02/07/2025,,"4,000.00","2,776,019.00"
02/07/2025,"4725-901-7810 M/S FAHAD POULT, RAIPURA BRANCH OL 1",02/07/2025,,"24,200.00","2,800,219.00"
02/07/2025,"PIAPP, OWN BANK TRANSFER. A/C: 132*-***-***310, M/S FARUQUE TRADERS. Trx.ID 2025070202-2-946032 OL 1",02/07/2025,,"40,000.00","2,840,219.00"
02/07/2025,"PIAPP, OWN BANK KHUL022. A/C: 587*-***-***232, M/S S A INTERNATIONAL. Trx.ID 2025070202-2-967910 OL 1",02/07/2025,,"20,000.00","2,860,219.00"
02/07/2025,"1138-901-23943 M/S MA-MONI POU, KALAIYA BANDAR BRANCH OL 1",02/07/2025,,"40,000.00","2,900,219.00"
02/07/2025,"PIAPP, OWN BANK SAYFUL. A/C: 140*-***-730, MD SAYFUL ISLAM. Trx.ID 2025070202-2-972494 OL 1",02/07/2025,,"300,000.00","3,200,219.00"
02/07/2025,"PIAPP, OWN BANK ADNAN POULTRY. A/C: 118*-***-611, MD. ABUL HUSSAIN. Trx.ID 2025070202-2-974330 OL 1",02/07/2025,,"22,000.00","3,222,219.00"
02/07/2025,"PIAPP, OWN BANK CHICKS PAYMENT. A/C: 169*-***-716, M/S ALAK TRADERS. Trx.ID 2025070202-2-980887 OL 1",02/07/2025,,"30,000.00","3,252,219.00"
02/07/2025,"PIAPP, OWN BANK SAYFUL. A/C: 140*-***-730, MD SAYFUL ISLAM. Trx.ID 2025070202-2-984523 OL 1",02/07/2025,,"68,000.00","3,320,219.00"
02/07/2025,"748-901-12155 M/S FRESH CHICK, KASHIMPUR BRANCH OL 1",02/07/2025,,"1,983,960.00","5,304,179.00"
02/07/2025,CR SND 1159 T 11,02/07/2025,"5,300,000.00",,"4,179.00"
02/07/2025,"PIAPP, OWN BANK BUSNE. A/C: 463*-***-660, M/S MONNI POULTRY FEED & MEDICINE. Trx.ID 2025070202-2-999945 OL 1",02/07/2025,,"170,000.00","174,179.00"
02/07/2025,"PIAPP, OWN BANK 144. A/C: 372*-***-491, ZIHAD POULTRY & FISH FEED. Trx.ID 2025070202-2-1002978 OL 1",02/07/2025,,"50,000.00","224,179.00"
02/07/2025,"PIAPP, OWN BANK OJUDMIAH. A/C: 442*-***-859, M/S BHAI BHAI POULTRY COMPLEX. Trx.ID 2025070202-2-1011000 OL 1",02/07/2025,,"16,870.00","241,049.00"
02/07/2025,"PIAPP, OWN BANK CHICKS PAYMENT. A/C: 281*-***-207, M/S AYMONA POULTRY FEED & CHICKS. Trx.ID 2025070202-2-1233215 OL 1",02/07/2025,,"19,000.00","260,049.00"
02/07/2025,"PIAPP, OWN BANK ALOM42944. A/C: 372*-***-576, MASRURA POULTRY FEED. Trx.ID 2025070202-2-1243775 OL 1",02/07/2025,,"34,040.00","294,089.00"
02/07/2025,"PIAPP, OWN BANK COMI143. A/C: 484*-***-930, HENA AGRO. Trx.ID 2025070202-2-1245374 OL 1",02/07/2025,,"23,100.00","317,189.00"
02/07/2025,"PIAPP, OWN BANK BOILAR CHICKS. A/C: 463*-***-298, REKHA VETERINARY CORNER. Trx.ID 2025070202-2-1249153 OL 1",02/07/2025,,"39,000.00","356,189.00"
02/07/2025,"PIAPP, OWN BANK BACHA. A/C: 463*-***-813, M/S SHAH POULTRY FEED AND MEDICINE. Trx.ID 2025070202-2-1268901 OL 1",02/07/2025,,"200,000.00","556,189.00"
02/07/2025,"PIAPP, OWN BANK POULTRY. A/C: 472*-***-267, SHAHIN MIAH. Trx.ID 2025070202-2-1282228 OL 1",02/07/2025,,"23,300.00","579,489.00"
02/07/2025,"PIAPP, OWN BANK FEED. A/C: 253*-***-700, BATEN POULTRY. Trx.ID 2025070202-2-1282575 OL 1",02/07/2025,,"20,000.00","599,489.00"
02/07/2025,"PIAPP, OWN BANK LM 1000. A/C: 380*-***-137, A. F. FISH FEED AND GOAT FIRM. Trx.ID 2025070202-2-1323115 OL 1",02/07/2025,,"8,000.00","607,489.00"
03/07/2025,"PIAPP, OWN BANK BUSINESS. A/C: 041*-***-978, PRINCE AGRO. Trx.ID 2025070303-2-72591 OL 1",03/07/2025,,"30,000.00","637,489.00"
03/07/2025,"PIAPP, OWN BANK BUSINESS. A/C: 397*-***-467, M/S J R POULTRY FARM. Trx.ID 2025070303-2-78529 OL 1",03/07/2025,,"12,000.00","649,489.00"
03/07/2025,INTERBANK FUND TRANSFER IFIC BANK LIMITED 4169492035001 0,03/07/2025,,"31,560.00","681,049.00"
03/07/2025,"PIAPP, OWN BANK CKESS. A/C: 018*-***-291, BROTHERS ENTERPRISE. Trx.ID 2025070303-2-120674 OL 1",03/07/2025,,"20,000.00","701,049.00"
03/07/2025,4205-901-9547 20250703-278862-1 B 1,03/07/2025,,"6,300.00","707,349.00"
03/07/2025,"1475-909-0, HATIYA BRANCH (SHAMIM) OL 1",03/07/2025,,"50,000.00","757,349.00"
03/07/2025,"3669-909-0, NOAPARA BAZAR BRANCH (IQBAL) OL 1",03/07/2025,,"5,520.00","762,869.00"
03/07/2025,"PIAPP, OWN BANK SDFDD. A/C: 487*-***-***036, MAISHA POULTRY FEED. Trx.ID 2025070303-2-156751 OL 1",03/07/2025,,"110,000.00","872,869.00"
03/07/2025,"1621-909-0, NETROKONA BRANCH OL 1",03/07/2025,,"10,000.00","882,869.00"
03/07/2025,"4431-909-0, PATKELGHATA (RU BRANCH OL 1",03/07/2025,,"7,000.00","889,869.00"
03/07/2025,"3556-901-1940 DHAKA BREEDERS & HATCHERY, PRINCIPAL (ISLAMIC) BRANCH (TRF FRM 3556-901-1940) 939-901-41774 KAZI",03/07/2025,,"2,500,000.00","3,389,869.00"
03/07/2025,"PIAPP, OWN BANK CHICKS. A/C: 326*-***-***067, M/S KHOKON TRADERS. Trx.ID 2025070303-2-178467 OL 1",03/07/2025,,"9,600.00","3,399,469.00"
03/07/2025,"581-102-750 OBONI POULTRY F, BHERAMARA BRANCH (TARAGUNIA) OL 1",03/07/2025,,"100,000.00","3,499,469.00"
03/07/2025,"618-909-0, MATLAB BAZAR BRANCH OL 1",03/07/2025,,"6,600.00","3,506,069.00"
03/07/2025,"PIAPP, OWN BANK BROILER A4000 B4500. A/C: 348*-***-***329, RUPOSHI AGRO FARM. Trx.ID 2025070303-2-202511 OL 1",03/07/2025,,"71,000.00","3,577,069.00"
03/07/2025,"4993-909-0, BSCIC BRANCH OL 1",03/07/2025,,"10,000.00","3,587,069.00"
03/07/2025,"4656-901-10722 BISWAS POULTRY, TARKI BANDAR BRANCH OL 1",03/07/2025,,"30,000.00","3,617,069.00"
03/07/2025,INTERBANK FUND TRANSFER DUTCH-BANGLA BANK LIMITED 1601580028911 0,03/07/2025,,"37,400.00","3,654,469.00"
03/07/2025,"860-901-48176 M/S AKON POULTR, PATUAKHALI BRANCH (CD-48176) OL 1",03/07/2025,,"100,000.00","3,754,469.00"
03/07/2025,"PIAPP, OWN BANK NIJAM. A/C: 192*-***-***434, JANNAT POULTRY FEED & CHICKS CENTER. Trx.ID 2025070303-2-218622 OL 1",03/07/2025,,"30,000.00","3,784,469.00"
03/07/2025,"114-901-61169 M/S M R ENTERPR, SIRAJGONJ BRANCH OL 1",03/07/2025,,"40,000.00","3,824,469.00"
03/07/2025,"PIAPP, OWN BANK TRANSFAR. A/C: 309*-***-***836, HASIN TRADERS. Trx.ID 2025070303-2-232908 OL 1",03/07/2025,,"29,700.00","3,854,169.00"
03/07/2025,"PIAPP, OWN BANK BUSINESS. A/C: 494*-***-***134, M/S SAIRA ENTERPRISE. Trx.ID 2025070303-2-243522 OL 1",03/07/2025,,"50,000.00","3,904,169.00"
03/07/2025,939-901-41774 KAZI FARMS LIMI OL 1,03/07/2025,,"6,600.00","3,910,769.00"
03/07/2025,"4171-901-6526 M/S EASIN ENTER, MATHBARIA BRANCH (CD-6526) OL 1",03/07/2025,,"29,000.00","3,939,769.00"
03/07/2025,"443-102-746 M/S MOHESHKHALI, MOHESHKHALI BRANCH (SND-746) OL 1",03/07/2025,,"40,500.00","3,980,269.00"
03/07/2025,"PIAPP, OWN BANK MIM POULTRY CORNER CHICKS DEPOSIT. A/C: 158*-***-***244, M/S MIM POULTRY CORNER. Trx.ID 2025070303-2",03/07/2025,,"40,000.00","4,020,269.00"
03/07/2025,"PIAPP, OWN BANK MAYER DOA POULTRY PATU015. A/C: 507*-***-***206, M/S MAYER DOA POULTRY AND FISH FEED. Trx.ID 2025070303-2",03/07/2025,,"38,000.00","4,058,269.00"
03/07/2025,"520-901-25979 M/S NAZMIN POUL, CHHATAK BRANCH OL 1",03/07/2025,,"11,000.00","4,069,269.00"
03/07/2025,"5211-909-0, CHAPRASHIRHAT BRANCH OL 1",03/07/2025,,"33,000.00","4,102,269.00"
03/07/2025,"PIAPP, OWN BANK MALEK SHA PTY. A/C: 406*-***-***280, HAZRAT MALEK SHAH (R) POULTRY FEEDS AND CHICKS CENTER. Trx.ID",03/07/2025,,"22,000.00","4,124,269.00"
03/07/2025,"3112-901-33874 M/S TUHIN POULT, FULBARI BRANCH (FUND TRANSFER) OL 1",03/07/2025,,"30,000.00","4,154,269.00"
03/07/2025,"PIAPP, OWN BANK BUSINESS PURPOSE, A/C: 153*---***976, TAREQ POULTRY FIRM AND FEED. Trx.ID 2025070303-2-279076 OL 1",03/07/2025,,"13,380.00","4,167,649.00"
03/07/2025,"4075-901-4303 M/S RAHIM ENTER, NANDINA BAZAR BRANCH OL 1",03/07/2025,,"20,000.00","4,187,649.00"
03/07/2025,"4362-901-14288 M/S TALUKDER P, GALACHIPA BRANCH OL 1",03/07/2025,,"50,000.00","4,237,649.00"
03/07/2025,"2791-901-38219 BANDARBAN POULT, BANDARBAN BRANCH OL 1",03/07/2025,,"7,000.00","4,244,649.00"
03/07/2025,"4542-901-13250 M/S TALUKDER EN, MOHANGANJ BRANCH OL 1",03/07/2025,,"100,000.00","4,344,649.00"
03/07/2025,"1613-909-0, GAIBANDHA BRANCH (AZAD) OL 1",03/07/2025,,"5,000.00","4,349,649.00"
03/07/2025,"2178-901-17240 M/S AWUL POULTR, THAKURGAON ROAD BRANCH OL 1",03/07/2025,,"50,000.00","4,399,649.00"
03/07/2025,"313-909-0, MYMENSINGH MAIN BRANCH OL 1",03/07/2025,,"45,000.00","4,444,649.00"
03/07/2025,"5280-901-393 M/S SAGOR POLTR, BORHANUDDIN BRANCH OL 1",03/07/2025,,"30,000.00","4,474,649.00"
03/07/2025,"2308-901-3220 ANWAR POULTRY A, CHHAGALNAIYA BRANCH OL 1",03/07/2025,,"200,000.00","4,674,649.00"
03/07/2025,"PIAPP, OWN BANK FOUR THOUSAND TOUR HUNDRED. A/C: 372*---***000, BOSHRA POULTRY AND FISH FEED. Trx.ID 2025070303-",03/07/2025,,"4,400.00","4,679,049.00"
03/07/2025,"2340-901-9721 MAKKA MADINA AG, MADUNAGHAT BRANCH OL 1",03/07/2025,,"100,000.00","4,779,049.00"
03/07/2025,"PIAPP, OWN BANK DDDDD. A/C: 487*---***036, MAISHA POULTRY FEED. Trx.ID 2025070303-2-361845 OL 1",03/07/2025,,"22,500.00","4,801,549.00"
03/07/2025,"PIAPP, OWN BANK MODENA POLTE. A/C: 370*---***576, MODINA POULTRY FEEDS. Trx.ID 2025070303-2-365419 OL 1",03/07/2025,,"100,000.00","4,901,549.00"
03/07/2025,"2247-901-3516 G. S. POULTRY F, NANUPUR BRANCH (01819-170461) OL 1",03/07/2025,,"10,000.00","4,911,549.00"
03/07/2025,"1900-901-40773 M/S TUHIN TRADE, GOPALGONJ BRANCH (FROM CD-40773) OL 1",03/07/2025,,"60,000.00","4,971,549.00"
03/07/2025,"PIAPP, OWN BANK MA BABAR DOA POULTRY JAMAL PUR NANDI. A/C: 407*---***421, MA BABAR DOWA POULTRY & FISH FEED. Trx.ID",03/07/2025,,"100,000.00","5,071,549.00"
03/07/2025,"PIAPP, OWN BANK KZAFBJJ. A/C: 389*---***337, SHAHJALAL PROTEIN HOUSE & MEDICINE. Trx.ID 2025070303-2-406442 OL 1",03/07/2025,,"6,160.00","5,077,709.00"
03/07/2025,"756-901-42585 M/S SIRAJ TRADE, RANGAMATI BRANCH (0756 901 42585) OL 1",03/07/2025,,"230,000.00","5,307,709.00"
03/07/2025,"114-901-61290 M/S SHARKAR POU, SIRAJGONJ BRANCH OL 1",03/07/2025,,"105,000.00","5,412,709.00"
03/07/2025,"PIAPP, OWN BANK BUSINESS. A/C: 118*---***476, SHIHAB POULTRY FARM. Trx.ID 2025070303-2-417918 OL 1",03/07/2025,,"70,000.00","5,482,709.00"
03/07/2025,"2454-909-0, BAZAR ROAD BRANCH (NAIM) OL 1",03/07/2025,,"50,000.00","5,532,709.00"
03/07/2025,"PIAPP, OWN BANK NUR PTY CHIT209 CHICKS TK. A/C: 197*---***031, M/S NUR POULTRY FEED & CHICKS CENTER. Trx.ID 2025070303-2-",03/07/2025,,"12,100.00","5,544,809.00"
03/07/2025,CR SND 1159 T 11,03/07/2025,"5,539,000.00",,"5,809.00"
03/07/2025,"PIAPP, OWN BANK AL MODINA HARTA. A/C: 245*""***""*192, AL MODINA FISH AND POULTRY FARM. Trx.ID 2025070303-2-442431",03/07/2025,,"50,000.00","55,809.00"
03/07/2025,"PIAPP, OWN BANK CHICKS PAYMENT. A/C: 169*""***""*716, M/S ALAK TRADERS. Trx.ID 2025070303-2-448988 OL 1",03/07/2025,,"9,900.00","65,709.00"
03/07/2025,"EFT - ISLAMI BANK BANGLADE, IBANKING, COMP. - NOTAPPLICABLE TRXID.: 20250703-8-480723 EFTN 1",03/07/2025,,"8,320.00","74,029.00"
03/07/2025,"PIAPP, OWN BANK KAZI FARMS LIMITED. A/C: 102*""***""*751, SATATA POULTRY PRODUCTS. Trx.ID 2025070303-2-494223 OL 1",03/07/2025,,"8,800.00","82,829.00"
03/07/2025,"PIAPP, OWN BANK BOILAR CHICKS. A/C: 463*""**""*298, REKHA VETERINARY CORNER. Trx.ID 2025070303-2-523257 OL 1",03/07/2025,,"18,000.00","100,829.00"
03/07/2025,"PIAPP, OWN BANK ALOM42944. A/C: 372*""***""*576, MASRURA POULTRY FEED. Trx.ID 2025070303-2-530832 OL 1",03/07/2025,,"8,140.00","108,969.00"
03/07/2025,INTERBANK FUND TRANSFER IFIC BANK LIMITED 0220336710811 0,03/07/2025,,"17,600.00","126,569.00"
03/07/2025,"PIAPP, OWN BANK 144. A/C: 372*""***""*491, ZIHAD POULTRY & FISH FEED. Trx.ID 2025070303-2-597158 OL 1",03/07/2025,,"15,000.00","141,569.00"
03/07/2025,"PIAPP, OWN BANK CHICK PURCHESS. A/C: 473*""***""*437, M/S HOWLADAR POULTRY FEEDS. Trx.ID 2025070303-2-616162 OL 1",03/07/2025,,"30,240.00","171,809.00"
03/07/2025,"PIAPP, OWN BANK AIDEL. A/C: 265*""***""*866, BISHMILLAH POULTRY CHICKS & FEED. Trx.ID 2025070303-2-677805 OL 1",03/07/2025,,"40,000.00","211,809.00"
03/07/2025,"PIAPP, OWN BANK FOR CHICKS. A/C: 175*""***""*720, ANISHA POULTRY PRODUCT. Trx.ID 2025070303-2-707433 OL 1",03/07/2025,,"10,450.00","222,259.00"
05/07/2025,INTERBANK FUND TRANSFER IFIC BANK LIMITED 0220336710811 0,05/07/2025,,"49,400.00","271,659.00"
05/07/2025,"PIAPP, OWN BANK KAZI. A/C: 194*""***""*238, M/S. BACCHU MIA SALES CENTRE. Trx.ID 2025070505-2-700002 OL 1",05/07/2025,,"70,000.00","341,659.00"
05/07/2025,"PIAPP, OWN BANK FOR CHICKS. A/C: 175*""***""*720, ANISHA POULTRY PRODUCT. Trx.ID 2025070505-2-727393 OL 1",05/07/2025,,"48,000.00","389,659.00"
05/07/2025,"PIAPP, OWN BANK BUSINESS. A/C: 149*""***""*010, M/S NURUL TRADERS. Trx.ID 2025070505-2-744157 OL 1",05/07/2025,,"10,500.00","400,159.00"
05/07/2025,"PIAPP, OWN BANK CHICKS PAYMENT. A/C: 049*""***""*957, AL KARIM POULTRY PRODUCTS. Trx.ID 2025070505-2-745705 OL 1",05/07/2025,,"28,800.00","428,959.00"
05/07/2025,"PIAPP, OWN BANK CHICKS PAYMENT. A/C: 169*""***""*716, M/S ALAK TRADERS. Trx.ID 2025070505-2-748216 OL 1",05/07/2025,,"28,800.00","457,759.00"
05/07/2025,"PIAPP, OWN BANK MANIK. A/C: 196*""***""*889, GRAM BANGLA POULTRY FEED & FISH FEED. Trx.ID 2025070505-2-761206 OL 1",05/07/2025,,"60,800.00","518,559.00"
05/07/2025,"PIAPP, OWN BANK ISLAMIC PULTY FEED. A/C: 465*""***""*776, ISLAMIC POULTRY FEED. Trx.ID 2025070505-2-762478 OL 1",05/07/2025,,"11,000.00","529,559.00"
05/07/2025,"PIAPP, OWN BANK ADNAN POULTRY. A/C: 118*""***""*611, MD. ABUL HUSSAIN. Trx.ID 2025070505-2-766858 OL 1",05/07/2025,,"44,800.00","574,359.00"
05/07/2025,"PIAPP, OWN BANK POULTRY CHECKS. A/C: 138*""***""*908, M/S RANGDHONU POULTRY FEED AND MEDICINE. Trx.ID 2025070505-2",05/07/2025,,"200,000.00","774,359.00"
05/07/2025,"PIAPP, OWN BANK FOURTEEN THOUSAND. A/C: 372*""***""*000, BOSHRA POULTRY AND FISH FEED. Trx.ID 2025070505-2-818599 OL 1",05/07/2025,,"14,000.00","788,359.00"
05/07/2025,"PIAPP, OWN BANK CHICKS PAYMENT. A/C: 281*""***""*207, M/S AYMONA POULTRY FEED & CHICKS. Trx.ID 2025070505-2-854578 OL 1",05/07/2025,,"32,000.00","820,359.00"
05/07/2025,"PIAPP, OWN BANK 01818214227. A/C: 484*-***-**240, SATATA ENTERPRISE. Trx.ID 2025070505-2-855140 OL 1",05/07/2025,,"60,000.00","880,359.00"
05/07/2025,"PIAPP, OWN BANK CHICKS. A/C: 019*-***-**880, M/S BUSHRA TRADERS. Trx.ID 2025070505-2-880643 OL 1",05/07/2025,,"32,000.00","912,359.00"
05/07/2025,"PIAPP, OWN BANK ALOM42944. A/C: 372*-***-**576, MASRURA POULTRY FEED. Trx.ID 2025070505-2-887752 OL 1",05/07/2025,,"115,600.00","1,027,959.00"
05/07/2025,"PIAPP, OWN BANK BACHA. A/C: 463*-***-***813, M/S SHAH POULTRY FEED AND MEDICINE. Trx.ID 2025070505-2-906637 OL 1",05/07/2025,,"23,000.00","1,050,959.00"
05/07/2025,"PIAPP, OWN BANK 144. A/C: 372*-***-***491, ZIHAD POULTRY & FISH FEED. Trx.ID 2025070505-2-908045 OL 1",05/07/2025,,"15,000.00","1,065,959.00"
05/07/2025,"PIAPP, OWN BANK CASH. A/C: 463*-***-***298, REKHA VETERINARY CORNER. Trx.ID 2025070505-2-915102 OL 1",05/07/2025,,"20,000.00","1,085,959.00"
05/07/2025,"PIAPP, OWN BANK CHICK PURCHESS. A/C: 473*-***-***437, M/S HOWLADAR POULTRY FEEDS. Trx.ID 2025070505-2-980681 OL 1",05/07/2025,,"10,120.00","1,096,079.00"
05/07/2025,"PIAPP, OWN BANK CHICK PURCHESS. A/C: 473*-***-***437, M/S HOWLADAR POULTRY FEEDS. Trx.ID 2025070505-2-999803 OL 1",05/07/2025,,"17,600.00","1,113,679.00"
05/07/2025,"PIAPP, OWN BANK SAHAB. A/C: 104*-***-***683, M/S, ENAM TRADERS. Trx.ID 2025070505-2-1034408 OL 1",05/07/2025,,"30,000.00","1,143,679.00"
05/07/2025,"PIAPP, OWN BANK SAYFUL. A/C: 140*-***-**594, RAKIB POULTRY PRODUCTS. Trx.ID 2025070505-2-1049404 OL 1",05/07/2025,,"80,000.00","1,223,679.00"
07/07/2025,"PIAPP, OWN BANK MA BABAR DOA POULTRY JAMAL PUR NANDI. A/C: 407*-***-***421, MA BABAR DOWA POULTRY & FISH FEED. Trx.ID",07/07/2025,,"10,500.00","1,234,179.00"
07/07/2025,"PIAPP, OWN BANK FEED. A/C: 139*-***-***698, G. K. DAIRY & AGRO. Trx.ID 2025070706-2-170792 OL 1",07/07/2025,,"111,200.00","1,345,379.00"
07/07/2025,"PIAPP, OWN BANK CHICKS PAYMENT. A/C: 049*-***-**957, AL KARIM POULTRY PRODUCTS. Trx.ID 2025070706-2-180747 OL 1",07/07/2025,,"29,700.00","1,375,079.00"
07/07/2025,"PIAPP, OWN BANK ISLAMIC PULTY FEED. A/C: 465*-***-***776, ISLAMIC POULTRY FEED. Trx.ID 2025070706-2-206792 OL 1",07/07/2025,,"15,000.00","1,390,079.00"
07/07/2025,"PIAPP, OWN BANK FOR CHICKS. A/C: 326*-***-**067, M/S KHOKON TRADERS. Trx.ID 2025070706-2-215265 OL 1",07/07/2025,,"24,000.00","1,414,079.00"
07/07/2025,"PIAPP, OWN BANK FOR CHICKS. A/C: 326*-***-**067, M/S KHOKON TRADERS. Trx.ID 2025070706-2-235710 OL 1",07/07/2025,,"7,200.00","1,421,279.00"
07/07/2025,"PIAPP, OWN BANK NUR PTY CHIT209 CHICKS TK. A/C: 197*-***-**031, M/S NUR POULTRY FEED & CHICKS CENTER. Trx.ID 2025070706-2-",07/07/2025,,"28,000.00","1,449,279.00"
07/07/2025,"PIAPP, OWN BANK CHICKS PAYMENT. A/C: 201*-***-***256, M/S TAHSIN POULTRY FEED AND MEDICINE. Trx.ID 2025070706-2-244324",07/07/2025,,"43,200.00","1,492,479.00"
07/07/2025,"PIAPP, OWN BANK BUSINESS PURPOSE. A/C: 153*-***-***976, TAREQ POULTRY FIRM AND FEED. Trx.ID 2025070706-2-313430 OL 1",07/07/2025,,"60,000.00","1,552,479.00"
07/07/2025,"PIAPP, OWN BANK LAYER CHICKS. A/C: 463*-**298, REKHA VETERINARY CORNER. Trx.ID 2025070706-2-317522 OL 1",07/07/2025,,"20,000.00","1,572,479.00"
07/07/2025,"PIAPP, OWN BANK BOILAR CHICKS. A/C: 463*-**298, REKHA VETERINARY CORNER. Trx.ID 2025070706-2-319195 OL 1",07/07/2025,,"20,000.00","1,592,479.00"
07/07/2025,"PIAPP, OWN BANK 144. A/C: 372*-***-***491, ZIHAD POULTRY & FISH FEED. Trx.ID 2025070706-2-349477 OL 1",07/07/2025,,"10,000.00","1,602,479.00"
07/07/2025,"PIAPP, OWN BANK ALOM42944. A/C: 372*-***-**576, MASRURA POULTRY FEED. Trx.ID 2025070706-2-371200 OL 1",07/07/2025,,"16,000.00","1,618,479.00"
07/07/2025,"PIAPP, OWN BANK BUSINESS. A/C: 495*-***-**358, M/S LOVANA POULTRY FEED. Trx.ID 2025070706-2-471856 OL 1",07/07/2025,,"29,400.00","1,647,879.00"
07/07/2025,"PIAPP, OWN BANK CHICKS PAYMENT. A/C: 169*""***""716, M/S ALAK TRADERS. Trx.ID 2025070707-2-598450 OL 1",07/07/2025,,"5,760.00","1,653,639.00"
07/07/2025,"4014-901-9573 M/S MRIDHA POUL, NALCITY BRANCH OL 1",07/07/2025,,"500,000.00","2,153,639.00"
07/07/2025,"3051-909-0, RUPATOLI BRANCH OL 1",07/07/2025,,"91,000.00","2,244,639.00"
07/07/2025,"374-901-57576 DAS POULTRY COR, BARISAL BRANCH OL 1",07/07/2025,,"50,000.00","2,294,639.00"
07/07/2025,"3799-901-5301 M/S MOHONA POUL, BENAPOLE BRANCH OL 1",07/07/2025,,"50,000.00","2,344,639.00"
07/07/2025,"2412-901-18329 M/S YEASIN ENTE, DAULATPUR BRANCH OL 1",07/07/2025,,"10,800.00","2,355,439.00"
07/07/2025,"PIAPP, OWN BANK KAJI. A/C: 405*""***""530, M/S MODINA POULTRY FARM AND FISHARIES. Trx.ID 2025070707-2-638814 OL 1",07/07/2025,,"9,600.00","2,365,039.00"
07/07/2025,"2568-909-0, BANGODDA BAZAR BRANCH OL 1",07/07/2025,,"8,800.00","2,373,839.00"
07/07/2025,"PIAPP, OWN BANK DDDDD. A/C: 487*""***""036, MAISHA POULTRY FEED. Trx.ID 2025070707-2-646845 OL 1",07/07/2025,,"35,000.00","2,408,839.00"
07/07/2025,"PIAPP, OWN BANK CHIKS. A/C: 058*""***""896, M/S MOHON TRADERS. Trx.ID 2025070707-2-658150 OL 1",07/07/2025,,"50,000.00","2,458,839.00"
07/07/2025,"PIAPP, OWN BANK MAWA. A/C: 406*""***""884, M/S MAWA POULTRY CHICKS & FEED CENTRE. Trx.ID 2025070707-2-669178 OL 1",07/07/2025,,"80,000.00","2,538,839.00"
07/07/2025,"1621-901-37211 TAJIM ENTERPRIS, NETROKONA BRANCH OL 1",07/07/2025,,"100,000.00","2,638,839.00"
07/07/2025,"581-102-750 OBONI POULTRY F, BHERAMARA BRANCH OL 1",07/07/2025,,"100,000.00","2,738,839.00"
07/07/2025,"PIAPP, OWN BANK NEW NOOR KHULNA. A/C: 285*""***""023, NEW NOOR POULTRY & FISH FEED COMPLEX. Trx.ID 2025070707-2-703395",07/07/2025,,"14,350.00","2,753,189.00"
07/07/2025,"PIAPP, OWN BANK CHICK. A/C: 207*""***""497, M/S ANIS POULTRY AND FISH FEED. Trx.ID 2025070707-2-708301 OL 1",07/07/2025,,"19,800.00","2,772,989.00"
07/07/2025,"374-909-0, BARISAL BRANCH OL 1",07/07/2025,,"30,000.00","2,802,989.00"
07/07/2025,"4993-909-0, BSCIC BRANCH OL 1",07/07/2025,,"11,000.00","2,813,989.00"
07/07/2025,"4725-102-85 M/S RONGDHANU P, RAIPURA BRANCH OL 1",07/07/2025,,"500,000.00","3,313,989.00"
07/07/2025,"1979-901-14929 M/S RAJU POULTR, NAZIRHAT BRANCH (RAJU POULTRY COMPLEX CD-14929) OL 1",07/07/2025,,"32,480.00","3,346,469.00"
07/07/2025,"PIAPP, OWN BANK BUSINESS. A/C: 397*""***""467, M/S J R POULTRY FARM. Trx.ID 2025070707-2-752468 OL 1",07/07/2025,,"20,000.00","3,366,469.00"
07/07/2025,"1051-102-483 M/S JANONI POUL, RAJAPUR BRANCH (KAWKHALI (1051102000483)) OL 1",07/07/2025,,"52,200.00","3,418,669.00"
07/07/2025,"4951-909-0, FULBARIA BRANCH OL 1",07/07/2025,,"32,000.00","3,450,669.00"
07/07/2025,"1181-901-15460 FULECHA POULTR, NABIGONJ BRANCH OL 1",07/07/2025,,"14,400.00","3,465,069.00"
07/07/2025,"PIAPP, OWN BANK NIJAM. A/C: 192*""***""434, JANNAT POULTRY FEED & CHICKS CENTER. Trx.ID 2025070707-2-756270 OL 1",07/07/2025,,"40,000.00","3,505,069.00"
07/07/2025,"PIAPP, OWN BANK KAZI FARMS LTD. A/C: 174*""***""*047, AKBAR ENTERPRISE. Trx.ID 2025070707-2-761563 OL 1",07/07/2025,,"18,000.00","3,523,069.00"
07/07/2025,"PIAPP, OWN BANK CKESS. A/C: 018*""***""*291, BROTHERS ENTERPRISE. Trx.ID 2025070707-2-763158 OL 1",07/07/2025,,"100,000.00","3,623,069.00"
07/07/2025,"2178-901-17240 M/S AWUL POULTR, THAKURGAON ROAD BRANCH OL 1",07/07/2025,,"75,000.00","3,698,069.00"
07/07/2025,"4240-901-819 RUPALI POULTRY, RAJAR BAZAR BRANCH OL 1",07/07/2025,,"150,000.00","3,848,069.00"
07/07/2025,"PIAPP, OWN BANK CHICKS. A/C: 495*""***""*125, M/S AMBIA ENTERPRISE. Trx.ID 2025070707-2-768773 OL 1",07/07/2025,,"11,200.00","3,859,269.00"
07/07/2025,"573-909-0, MIRERDANGA BRANCH OL 1",07/07/2025,,"30,000.00","3,889,269.00"
07/07/2025,"4630-901-6700 M/S FARHAN POUL, BELABO BRANCH OL 1",07/07/2025,,"150,000.00","4,039,269.00"
07/07/2025,"1292-901-24395 MUNNI POULTRY F, KULAURA BRANCH OL 1",07/07/2025,,"10,880.00","4,050,149.00"
07/07/2025,"1682-901-23924 M/S MAA POULTRY, MADAN BRANCH OL 1",07/07/2025,,"50,000.00","4,100,149.00"
07/07/2025,"4630-901-7417 SHADHIN POULTRY, BELABO BRANCH OL 1",07/07/2025,,"100,000.00","4,200,149.00"
07/07/2025,"504-901-20145 M/S EMU TRADERS, JAMALGONJ BRANCH OL 1",07/07/2025,,"21,500.00","4,221,649.00"
07/07/2025,"PIAPP, OWN BANK NUR. A/C: 204*""***""*675, M/S NUR ENTERPRISE. Trx.ID 2025070707-2-805366 OL 1",07/07/2025,,"2,250.00","4,223,899.00"
07/07/2025,"PIAPP, OWN BANK BINTI. A/C: 202*""***""*710, M/S BINTI TRADERS. Trx.ID 2025070707-2-806607 OL 1",07/07/2025,,"20,000.00","4,243,899.00"
07/07/2025,"2022-901-19710 M/S BINTI TRADE, PARK ROAD BRANCH (2022901019170) OL 1",07/07/2025,,"50,000.00","4,293,899.00"
07/07/2025,"4924-901-12060 ALIF POULTRY &, MONIRAMPUR BRANCH (CD-12060) OL 1",07/07/2025,,"90,000.00","4,383,899.00"
07/07/2025,"2178-909-0, THAKURGAON ROAD BRANCH OL 1",07/07/2025,,"11,000.00","4,394,899.00"
07/07/2025,"4630-901-479 M/S. ATHAI POU, BELABO BRANCH OL 1",07/07/2025,,"18,000.00","4,412,899.00"
07/07/2025,"PIAPP, OWN BANK CHICKS PAYMENT. A/C: 169*""***""*716, M/S ALAK TRADERS. Trx.ID 2025070707-2-816740 OL 1",07/07/2025,,"19,000.00","4,431,899.00"
07/07/2025,"4985-901-2093 M/S ANNYE ENTER, BHULTA BRANCH OL 1",07/07/2025,,"21,000.00","4,452,899.00"
07/07/2025,"203-999-0, BOGURA (ISLAMIC) BRANCH 939-901-41774 KAZI FARMS LIMI OL 1",07/07/2025,,"200,000.00","4,652,899.00"
07/07/2025,INTERBANK FUND TRANSFER NRB COMMERCIAL BANK LIMITED 511233300003209 0,07/07/2025,,"50,000.00","4,702,899.00"
07/07/2025,"1016-909-0, UKHIYA BRANCH (A GAFUR) OL 1",07/07/2025,,"260,000.00","4,962,899.00"
07/07/2025,"1674-909-0, BABUGONJ BRANCH OL 1",07/07/2025,,"18,200.00","4,981,099.00"
07/07/2025,"3330-909-0, BAKULTALA BRANCH OL 1",07/07/2025,,"40,000.00","5,021,099.00"
07/07/2025,"191-909-0, JOYPURHAT BRANCH OL 1",07/07/2025,,"20,000.00","5,041,099.00"
07/07/2025,"PIAPP, OWN BANK DIM GOR. A/C: 516*---*---*---538, M/S LALMOHAN DIM GHOR. Trx.ID 2025070707-2-832729 OL 1",07/07/2025,,"46,000.00","5,087,099.00"
07/07/2025,"1138-901-23943 M/S MA-MONI POU, KALAIYA BANDAR BRANCH OL 1",07/07/2025,,"80,000.00","5,167,099.00"
07/07/2025,"PIAPP, OWN BANK BUSINESS. A/C: 149*---*---*---*---010, M/S NURUL TRADERS. Trx.ID 2025070707-2-833057 OL 1",07/07/2025,,"5,000.00","5,172,099.00"
07/07/2025,"PIAPP, OWN BANK BUSINESS. A/C: 469*---*---*---*---956, M/S APON ENTERPRISE. Trx.ID 2025070707-2-836472 OL 1",07/07/2025,,"50,000.00","5,222,099.00"
07/07/2025,"PIAPP, OWN BANK BUSINESS. A/C: 142*---*---*---*---405, M/S FEED CENTER. Trx.ID 2025070707-2-836490 OL 1",07/07/2025,,"40,000.00","5,262,099.00"
07/07/2025,"2412-901-32555 M/S FORHAD TRAD, DAULATPUR BRANCH OL 1",07/07/2025,,"43,000.00","5,305,099.00"
07/07/2025,"3669-909-0, NOAPARA BAZAR BRANCH OL 1",07/07/2025,,"4,200.00","5,309,299.00"
07/07/2025,"2308-901-3220 ANWAR POULTRY A, CHHAGALNAIYA BRANCH OL 1",07/07/2025,,"100,000.00","5,409,299.00"
07/07/2025,"1674-909-0, BABUGONJ BRANCH OL 1",07/07/2025,,"15,000.00","5,424,299.00"
07/07/2025,"1987-901-8002 M/S AJMIR POULT, BIBIRHAT BRANCH OL 1",07/07/2025,,"17,000.00","5,441,299.00"
07/07/2025,"PIAPP, OWN BANK SYLH087. A/C: 356*---*---*---*---801, NAZAT AGRO. Trx.ID 2025070707-2-844394 OL 1",07/07/2025,,"8,000.00","5,449,299.00"
07/07/2025,"PIAPP, OWN BANK MAA ENTERPRISE. A/C: 223*---*---*---*---044, MAA ENTERPRISE. Trx.ID 2025070707-2-844522 OL 1",07/07/2025,,"30,000.00","5,479,299.00"
07/07/2025,"2852-901-44011 M/S SIFAT ENTER, SHAIKHPARA BAZA BRANCH OL 1",07/07/2025,,"500,000.00","5,979,299.00"
07/07/2025,"4940-901-7936 M/S TAHSIN TABA, KUMARKHALI BRANCH OL 1",07/07/2025,,"20,000.00","5,999,299.00"
07/07/2025,"1406-901-12901 M/S ORIN TRADER, GOALABAZAR BRANCH OL 1",07/07/2025,,"200,000.00","6,199,299.00"
07/07/2025,"183-909-0, DAULATGONJ BRANCH OL 1",07/07/2025,,"18,720.00","6,218,019.00"
07/07/2025,2600-901-15730 SOHEL POULTRY LOHAGARA BRANCH (FROM CD-15730) OL 1,07/07/2025,,"300,000.00","6,518,019.00"
07/07/2025,"4075-901-4303 M/S RAHIM ENTER, NANDINA BAZAR BRANCH OL 1",07/07/2025,,"20,000.00","6,538,019.00"
07/07/2025,"PIAPP, OWN BANK FOR CHICKS. A/C: 175*---*---*---*---720, ANISHA POULTRY PRODUCT. Trx.ID 2025070707-2-852884 OL 1",07/07/2025,,"44,600.00","6,582,619.00"
07/07/2025,"PIAPP, OWN BANK TRANSFER. A/C: 132*---*---*---*---310, M/S FARUQUE TRADERS. Trx.ID 2025070707-2-853273 OL 1",07/07/2025,,"100,000.00","6,682,619.00"
07/07/2025,939-901-41774 KAZI FARMS LIMI OL 1,07/07/2025,,"80,000.00","6,762,619.00"
07/07/2025,"4160-909-0, PANGSHA BRANCH OL 1",07/07/2025,,"20,000.00","6,782,619.00"
07/07/2025,"PIAPP, OWN BANK 144. A/C: 372*---*---*---*---491, ZIHAD POULTRY & FISH FEED. Trx.ID 2025070707-2-856510 OL 1",07/07/2025,,"14,000.00","6,796,619.00"
07/07/2025,"PIAPP, OWN BANK ROSE BOILER. A/C: 225***-**-**167, MAHBUB POULTRY FARM. Trx.ID2025070707-2-856514 OL 1",07/07/2025,,"8,100.00","6,804,719.00"
07/07/2025,"1016-909-0, UKHIYA BRANCH (RASHID) OL 1",07/07/2025,,"34,000.00","6,838,719.00"
07/07/2025,"4725-901-7810 M/S FAHAD POULT, RAIPURABRANCH OL 1",07/07/2025,,"65,800.00","6,904,519.00"
07/07/2025,"1008-901-10378 RAHI POULTRY FE, TAJPURBRANCH (OL) OL 1",07/07/2025,,"27,360.00","6,931,879.00"
07/07/2025,"3590-901-5811 SYLHET POULTRY, KADAMTALIBRANCH OL 1",07/07/2025,,"70,000.00","7,001,879.00"
07/07/2025,1640-901-65064 20250707-603549-1 B 2,07/07/2025,,"100,000.00","7,101,879.00"
07/07/2025,"1199-901-18770 M/S BIJ GHAR,JAGANNATHPUR BRANCH (TR FROM CD-18770) OL 1",07/07/2025,,"50,000.00","7,151,879.00"
07/07/2025,"756-901-42585 M/S SIRAJ TRADE, RANGAMATIBRANCH (0756 901 42585) OL 1",07/07/2025,,"130,000.00","7,281,879.00"
07/07/2025,"3616-901-16257 RIFAT POULTRY F,CHOWMUHANA BRANCH OL 1",07/07/2025,,"25,000.00","7,306,879.00"
07/07/2025,"5696-909-0, BIRAMPUR BRANCH (MEHEDIHASAN) OL 1",07/07/2025,,"30,000.00","7,336,879.00"
07/07/2025,"PIAPP, OWN BANK ADNAN POULTRY. A/C:118***-**-**611, MD. ABUL HUSSAIN. Trx.ID2025070707-2-880896 OL 1",07/07/2025,,"69,160.00","7,406,039.00"
07/07/2025,"PIAPP, OWN BANK SHARKAR POULTRY FEED.A/C: 011***-**-**290, M/S SHARKAR POULTRYFEED AND FARM. Trx.ID 2025070707-2-891607",07/07/2025,,"20,000.00","7,426,039.00"
07/07/2025,"PIAPP, OWN BANK CHICK. A/C: 037***-**-**509, M/S AKON TRADERS. Trx.ID 2025070707-2-899585 OL 1",07/07/2025,,"15,000.00","7,441,039.00"
07/07/2025,"PIAPP, OWN BANK PURCHASE. A/C: 291***-**-**381, ARHAM POULTRY FEED & MEDICINE.Trx.ID 2025070707-2-904719 OL 1",07/07/2025,,"7,260.00","7,448,299.00"
07/07/2025,"PIAPP, OWN BANK KHUL022. A/C: 587***-**-**232, M/S S A INTERNATIONAL. Trx.ID2025070707-2-923001 OL 1",07/07/2025,,"30,000.00","7,478,299.00"
07/07/2025,CR SND 1159 T 9,07/07/2025,"7,473,000.00",,"5,299.00"
07/07/2025,"PIAPP, OWN BANK ALOM42944. A/C: 372***-**-**576, MASRURA POULTRY FEED. Trx.ID2025070707-2-943188 OL 1",07/07/2025,,"36,720.00","42,019.00"
07/07/2025,"PIAPP, OWN BANK AMIR. A/C: 018***-**-**978, BISMILLAH ENTERPRISE. Trx.ID 2025070707-2-943661 OL 1",07/07/2025,,"25,000.00","67,019.00"
07/07/2025,"PIAPP, OWN BANK HIZLA. A/C: 110***-**-**015, M/S MAMUN TRADERS. Trx.ID 2025070707-2-946013 OL 1",07/07/2025,,"20,000.00","87,019.00"
07/07/2025,INTERBANK FUND TRANSFER ISLAMI BANKBANGLADESH LIMITED 205077**4853 0,07/07/2025,,"20,000.00","107,019.00"
07/07/2025,"PIAPP, OWN BANK KANCHON MIA POULTRY.A/C: 339***-**-**965, M/S KANCHON MIAPOULTRY FEED. Trx.ID 2025070707-2-998420",07/07/2025,,"18,900.00","125,919.00"
07/07/2025,"PIAPP, OWN BANK CHICKS PAYMENT. A/C:281***-**-**207, M/S AYMONA POULTRY FEED& CHICKS. Trx.ID 2025070707-2-1085930 OL 1",07/07/2025,,"33,000.00","158,919.00"
07/07/2025,"PIAPP, OWN BANK SAHAB. A/C: 104***-**-**683, M/S. ENAM TRADERS. Trx.ID 2025070707-2-1141666 OL 1",07/07/2025,,"20,000.00","178,919.00"
08/07/2025,"PIAPP, OWN BANK BUSINESS PROPUSE. A/C:275***-**-**598, M/S ROKIB BROTHERS ANDMISRO FARM. Trx.ID 2025070808-2-203936 OL 1",08/07/2025,,"30,000.00","208,919.00"
08/07/2025,"EFT - ISLAMI BANK BANGLADE, IBANKING, COMP. - NOTAPPLICABLE TRXID.: 20250708-8-20577 EFTN 1",08/07/2025,,"35,000.00","243,919.00"
08/07/2025,"2340-901-9721 MAKKA MADINA AG, MADUNAGHAT BRANCH OL 1",08/07/2025,,"100,000.00","343,919.00"
08/07/2025,INTERBANK FUND TRANSFER BRAC BANK LIMITED 2058490730001 0,08/07/2025,,"21,000.00","364,919.00"
08/07/2025,"1674-909-0, BABUGONJ BRANCH OL 1",08/07/2025,,"6,000.00","370,919.00"
08/07/2025,"4160-909-0, PANGSHA BRANCH OL 1",08/07/2025,,"40,000.00","410,919.00"
08/07/2025,"1961-901-19407 GRAM BANGLA POU, JURI BRANCH OL 1",08/07/2025,,"28,500.00","439,419.00"
08/07/2025,"PIAPP, OWN BANK KAZI. A/C: 194-***-***238, M/S. BACCHU MIA SALES CENTRE. Trx.ID 2025070808-2-314260 OL 1",08/07/2025,,"22,500.00","461,919.00"
08/07/2025,"1536-909-0, DOLLAI NOWABPUR BRANCH (ABDUS SATTAR) OL 1",08/07/2025,,"19,800.00","481,719.00"
08/07/2025,"841-909-0, SAIDPUR BRANCH OL 1",08/07/2025,,"12,800.00","494,519.00"
08/07/2025,"520-901-25979 M/S NAZMIN POUL, CHHATAK BRANCH OL 1",08/07/2025,,"15,000.00","509,519.00"
08/07/2025,"4951-901-894 M/S ATIQUE POUL, FULBARIA BRANCH OL 1",08/07/2025,,"9,000.00","518,519.00"
08/07/2025,"2462-909-0, ZILLA PARISHAD BRANCH OL 1",08/07/2025,,"11,000.00","529,519.00"
08/07/2025,"4412-909-0, BAROIYAR HAT BRANCH OL 1",08/07/2025,,"17,000.00","546,519.00"
08/07/2025,"PIAPP, OWN BANK CHICKS PAYMENT. A/C: 049-***-***957, AL KARIM POULTRY PRODUCTS. Trx.ID 2025070808-2-333545 OL 1",08/07/2025,,"24,200.00","570,719.00"
08/07/2025,"2611-909-0, BARATAKIA BAZAR BRANCH OL 1",08/07/2025,,"12,400.00","583,119.00"
08/07/2025,INTERBANK FUND TRANSFER ISLAMI BANK BANGLADESH LIMITED 20507776707058911 0,08/07/2025,,"11,880.00","594,999.00"
08/07/2025,"626-901-30855 LOKNATH POULTRY, SREEMONGAL BRANCH OL 1",08/07/2025,,"20,000.00","614,999.00"
08/07/2025,"443-102-746 M/S MOHESHKHALI, MOHESHKHALI BRANCH (SND-746) OL 1",08/07/2025,,"22,400.00","637,399.00"
08/07/2025,"PIAPP, OWN BANK NEW NOOR KHULNA. A/C: 285-***-***023, NEW NOOR POULTRY & FISH FEED COMPLEX. Trx.ID 2025070808-2-356901",08/07/2025,,"13,300.00","650,699.00"
08/07/2025,"2263-901-14122 SARMI POULTRY F, SARATGONJ BRANCH OL 1",08/07/2025,,"20,000.00","670,699.00"
08/07/2025,"PIAPP, OWN BANK PAY. A/C: 060-***-***034, M/S AWAL POULTRY & FISHERIES. Trx.ID 2025070808-2-362921 OL 1",08/07/2025,,"38,000.00","708,699.00"
08/07/2025,"PIAPP, OWN BANK ADNAN POULTRY. A/C: 118-***-***611, MD. ABUL HUSSAIN. Trx.ID 2025070808-2-362960 OL 1",08/07/2025,,"60,040.00","768,739.00"
08/07/2025,INTERBANK FUND TRANSFER BRAC BANK LIMITED 2058490730001 0,08/07/2025,,"7,375.00","776,114.00"
08/07/2025,"PIAPP, OWN BANK FEED. A/C: 253-***-***700, BATEN POULTRY. Trx.ID 2025070808-2-371540 OL 1",08/07/2025,,"50,000.00","826,114.00"
08/07/2025,"4542-901-13250 M/S TALUKDER EN, MOHANGANJ BRANCH OL 1",08/07/2025,,"100,000.00","926,114.00"
08/07/2025,"PIAPP, OWN BANK SEND. A/C: 084*,***,***992, M/S SHAKIL TRADERS. Trx.ID 2025070808-2-377378 OL 1",08/07/2025,,"8,000.00","934,114.00"
08/07/2025,"3842-901-1770 SHAMIM STORE, GACHHBARI BRANCH OL 1",08/07/2025,,"100,000.00","1,034,114.00"
08/07/2025,"PIAPP, OWN BANK CHICKS PAYMENT. A/C: 169*,***,***716, M/S ALAK TRADERS. Trx.ID 2025070808-2-386466 OL 1",08/07/2025,,"6,800.00","1,040,914.00"
08/07/2025,"PIAPP, OWN BANK FOR CHICKS. A/C: 175*,***,***720, ANISHA POULTRY PRODUCT. Trx.ID 2025070808-2-391149 OL 1",08/07/2025,,"24,700.00","1,065,614.00"
08/07/2025,"PIAPP, OWN BANK KAZI FARMS LIMITED. A/C: 234*,***,***721, MAKKA MADINA AGRO. Trx.ID 2025070808-2-394019 OL 1",08/07/2025,,"3,000.00","1,068,614.00"
08/07/2025,"PIAPP, OWN BANK MAWA. A/C: 406*,***,***884, M/S MAWA POULTRY CHICKS & FEED CENTRE. Trx.ID 2025070808-2-415055 OL 1",08/07/2025,,"51,400.00","1,120,014.00"
08/07/2025,"PIAPP, OWN BANK AL MODINA HARTA. A/C: 245*,***,***192, AL MODINA FISH AND POULTRY FARM. Trx.ID 2025070808-2-428714",08/07/2025,,"49,000.00","1,169,014.00"
08/07/2025,"PIAPP, OWN BANK BANK. A/C: 372*,***,***491, ZIHAD POULTRY & FISH FEED. Trx.ID 2025070808-2-434018 OL 1",08/07/2025,,"28,000.00","1,197,014.00"
08/07/2025,CR SND 1159 T 11,08/07/2025,"1,192,000.00",,"5,014.00"
08/07/2025,"EFT - EXPORT IMPORT BANK O. PAYMENT, COMP. - NOTAPPLICABLE TRXID.: 20250708-8-508674 EFTN 1",08/07/2025,,"350,000.00","355,014.00"
08/07/2025,"PIAPP, OWN BANK TEN THOUSAND. A/C: 372*,***,***000, BOSHRA POULTRY AND FISH FEED. Trx.ID 2025070808-2-646454 OL 1",08/07/2025,,"10,000.00","365,014.00"
08/07/2025,"PIAPP, OWN BANK BOILAR CHICKS. A/C: 463*,***,***298, REKHA VETERINARY CORNER. Trx.ID 2025070808-2-649028 OL 1",08/07/2025,,"30,000.00","395,014.00"
08/07/2025,"PIAPP, OWN BANK PURCHASE. A/C: 291*,***,***381, ARHAM POULTRY FEED & MEDICINE. Trx.ID 2025070808-2-668374 OL 1",08/07/2025,,"13,640.00","408,654.00"
08/07/2025,"PIAPP, OWN BANK ALOM42944. A/C: 372*,***,***576, MASRURA POULTRY FEED. Trx.ID 2025070808-2-668495 OL 1",08/07/2025,,"36,400.00","445,054.00"
08/07/2025,"PIAPP, OWN BANK CHICKS PAYMENT. A/C: 281*,***,***207, M/S AYMONA POULTRY FEED & CHICKS. Trx.ID 2025070808-2-674908 OL 1",08/07/2025,,"15,000.00","460,054.00"
08/07/2025,"PIAPP, OWN BANK CHICKS PAYMENT. A/C: 281*,***,***207, M/S AYMONA POULTRY FEED & CHICKS. Trx.ID 2025070808-2-704992 OL 1",08/07/2025,,"22,000.00","482,054.00"
08/07/2025,"PIAPP, OWN BANK NUR PTY CHIT209 CHICKS TK. A/C: 197*,***,***031, M/S NUR POULTRY FEED & CHICKS CENTER. Trx.ID 2025070808-2-",08/07/2025,,"35,670.00","517,724.00"
09/07/2025,INTERBANK FUND TRANSFER ISLAMI BANK BANGLADESH LIMITED 20503760100064518 0,09/07/2025,,"35,700.00","553,424.00"
09/07/2025,"PIAPP, OWN BANK CHICKS. A/C: 019*,***,***880, M/S BUSHRA TRADERS. Trx.ID 2025070909-2-187965 OL 1",09/07/2025,,"30,000.00","583,424.00"
09/07/2025,INTERBANK FUND TRANSFER IFIC BANK LIMITED 4169492035001 0,09/07/2025,,"12,500.00","595,924.00"
09/07/2025,"2454-901-30474 CHARBARIA POULT, BAZAR ROAD BRANCH OL 1",09/07/2025,,"31,000.00","626,924.00"
09/07/2025,"3669-909-0, NOAPARA BAZAR BRANCH OL 1",09/07/2025,,"15,000.00","641,924.00"
09/07/2025,"3556-901-1940 DHAKA BREEDERS & HATCHERY, PRINCIPAL (ISLAMIC) BRANCH 939-901-41774 KAZI FARMS LIMI OL 1",09/07/2025,,"2,000,000.00","2,641,924.00"
09/07/2025,"2401-909-0, MEHENDIGONJ BRANCH OL 1",09/07/2025,,"100,000.00","2,741,924.00"
09/07/2025,"3364-901-43207 KAMRUL TRADERS, TRISHAL BRANCH OL 1",09/07/2025,,"7,500.00","2,749,424.00"
09/07/2025,"PIAPP, OWN BANK BUSINESSS. A/C: 149*--***-**010, M/S NURUL TRADERS. Trx.ID 2025070909-2-246742 OL 1",09/07/2025,,"5,000.00","2,754,424.00"
09/07/2025,"4725-102-85 M/S RONGDHANU P, RAIPURA BRANCH OL 1",09/07/2025,,"200,000.00","2,954,424.00"
09/07/2025,"4786-909-0, COLONEL HAT BRANCH (MOHAMMAD MOHIUDDIN) OL 1",09/07/2025,,"30,000.00","2,984,424.00"
09/07/2025,"PIAPP, OWN BANK DDDDD. A/C: 487*-***-**036, MAISHA POULTRY FEED. Trx.ID 2025070909-2-269726 OL 1",09/07/2025,,"30,000.00","3,014,424.00"
09/07/2025,"2133-909-0, MADABPASHA BRANCH (DELWAR) OL 1",09/07/2025,,"9,700.00","3,024,124.00"
09/07/2025,"PIAPP, OWN BANK BUSINESS. A/C: 469*-***-**956, M/S APON ENTERPRISE. Trx.ID 2025070909-2-283729 OL 1",09/07/2025,,"29,000.00","3,053,124.00"
09/07/2025,"PIAPP, OWN BANK A. A/C: 528*-***-***393, M/S SAGOR POULTRY FEED. Trx.ID 2025070909-2-290703 OL 1",09/07/2025,,"25,000.00","3,078,124.00"
09/07/2025,"4197-909-0, SITAKUNDA SME BRANCH OL 1",09/07/2025,,"10,000.00","3,088,124.00"
09/07/2025,"661-909-0, DINAJPUR BRANCH OL 1",09/07/2025,,"105,000.00","3,193,124.00"
09/07/2025,"661-909-0, DINAJPUR BRANCH OL 1",09/07/2025,,"6,800.00","3,199,924.00"
09/07/2025,"2316-901-7550 SHAHIN POULTRY, PAGLA BAZAR BRANCH OL 1",09/07/2025,,"50,000.00","3,249,924.00"
09/07/2025,"PIAPP, OWN BANK ARIYAN POULTRY. A/C: 360*-***-***811, M/S ARIYAN AND ARABI POULTRY & FEED. Trx.ID 2025070909-2-311513",09/07/2025,,"18,000.00","3,267,924.00"
09/07/2025,"PIAPP, OWN BANK HABIB VARIETIES STO. A/C: 102*-***-***515, HABIB VARIETIES STORE. Trx.ID 2025070909-2-322230 OL 1",09/07/2025,,"35,000.00","3,302,924.00"
09/07/2025,"4993-909-0, BSCIC BRANCH OL 1",09/07/2025,,"30,000.00","3,332,924.00"
09/07/2025,"PIAPP, OWN BANK MIM POULTRY CORNER CHICKS DEPOSIT. A/C: 158*-***-***244, M/S MIM POULTRY CORNER. Trx.ID 2025070909-2-",09/07/2025,,"120,000.00","3,452,924.00"
09/07/2025,"PIAPP, OWN BANK CHICKS PAYMENT. A/C: 049*-***-***957, AL KARIM POULTRY PRODUCTS. Trx.ID 2025070909-2-327486 OL 1",09/07/2025,,"5,600.00","3,458,524.00"
09/07/2025,"4985-901-2093 M/S ANNYE ENTER, BHULTA BRANCH OL 1",09/07/2025,,"18,000.00","3,476,524.00"
09/07/2025,"581-909-0, BHERAMARA BRANCH OL 1",09/07/2025,,"40,000.00","3,516,524.00"
09/07/2025,"1138-901-23943 M/S MA-MONI POU, KALAIYA BANDAR BRANCH (01753645732) OL 1",09/07/2025,,"70,000.00","3,586,524.00"
09/07/2025,"4542-901-13250 M/S TALUKDER EN, MOHANGANJ BRANCH OL 1",09/07/2025,,"100,000.00","3,686,524.00"
09/07/2025,"2600-901-15730 SOHEL POULTRY, LOHAGARA BRANCH (FROM CD-15730) OL 1",09/07/2025,,"700,000.00","4,386,524.00"
09/07/2025,"3590-901-5811 SYLHET POULTRY, KADAMTALI BRANCH OL 1",09/07/2025,,"25,000.00","4,411,524.00"
09/07/2025,"PIAPP, OWN BANK MAA ENTERPRISE. A/C: 223*""***""*044, MAA ENTERPRISE. Trx.ID 2025070909-2-347137 OL 1",09/07/2025,,"20,000.00","4,431,524.00"
09/07/2025,"4075-901-6186 M/S. N.S POULTR, NANDINA BAZAR BRANCH OL 1",09/07/2025,,"21,000.00","4,452,524.00"
09/07/2025,"PIAPP, OWN BANK MAYER DOA POULTRY PATU015. A/C: 507*""***""*206, M/S MAYER DOA POULTRY AND FISH FEED. Trx.ID 2025070909-",09/07/2025,,"40,000.00","4,492,524.00"
09/07/2025,"PIAPP, OWN BANK ISLAMIC PULTY FEED. A/C: 465*""***""*776, ISLAMIC POULTRY FEED. Trx.ID 2025070909-2-356756 OL 1",09/07/2025,,"15,000.00","4,507,524.00"
09/07/2025,"3616-901-16257 RIFAT POULTRY F, CHOWMUHANA BRANCH OL 1",09/07/2025,,"10,000.00","4,517,524.00"
09/07/2025,"5115-901-3578 KRISHNO POULTRY, CHOWGACHA BRANCH (DR FROM CD-3578) OL 1",09/07/2025,,"65,000.00","4,582,524.00"
09/07/2025,"PIAPP, OWN BANK SAHAB. A/C: 104*""***""*683, M/S. ENAM TRADERS. Trx.ID 2025070909-2-389695 OL 1",09/07/2025,,"30,000.00","4,612,524.00"
09/07/2025,"PIAPP, OWN BANK CHICK. A/C: 037*""***""*509, M/S AKON TRADERS. Trx.ID 2025070909-2-390833 OL 1",09/07/2025,,"8,000.00","4,620,524.00"
09/07/2025,CR SND 1159 T 9,09/07/2025,"4,615,000.00",,"5,524.00"
09/07/2025,"PIAPP, OWN BANK PARVEZ POULTRY AND FISH FEED. A/C: 146*""***""*681, M/S PARVEZ POULTRY AND FISH FEED. Trx.ID 2025070909-",09/07/2025,,"5,000.00","10,524.00"
09/07/2025,"PIAPP, OWN BANK TRANSFAR. A/C: 309*""***""*836, HASIN TRADERS. Trx.ID 2025070909-2-492773 OL 1",09/07/2025,,"14,000.00","24,524.00"
09/07/2025,"PIAPP, OWN BANK ALOM42944. A/C: 372*""***""*576, MASRURA POULTRY FEED. Trx.ID 2025070909-2-510770 OL 1",09/07/2025,,"29,760.00","54,284.00"
09/07/2025,"INTERBANK FUND TRANSFER ISLAMI BANK BANGLADESH LIMITED 205044""""""""6618 0",09/07/2025,,"15,000.00","69,284.00"
09/07/2025,"PIAPP, OWN BANK SHORMI POULTRY, CHICKS. A/C: 158*""***""*244, M/S MIM POULTRY CORNER. Trx.ID 2025070909-2-",09/07/2025,,"20,000.00","89,284.00"
09/07/2025,"PIAPP, OWN BANK CHICKS. A/C: 442*""***""*979, M/S SHAHED POULTRY FARM. Trx.ID 2025070909-2-649027 OL 1",09/07/2025,,"37,000.00","126,284.00"
10/07/2025,"PIAPP, OWN BANK SAYFUL. A/C: 140*""***""*594, RAKIB POULTRY PRODUCTS. Trx.ID 2025071010-2-31741 OL 1",10/07/2025,,"50,000.00","176,284.00"
10/07/2025,"PIAPP, OWN BANK ADNAN POULTRY. A/C: 118*""***""*611, MD. ABUL HUSSAIN. Trx.ID 2025071010-2-102875 OL 1",10/07/2025,,"109,560.00","285,844.00"
10/07/2025,"53-901-31856 M/S ASHUGONJ MA, ASHUGONJ BRANCH OL 1",10/07/2025,,"100,000.00","385,844.00"
10/07/2025,"1536-909-0, DOLLAI NOWABPUR BRANCH OL 1",10/07/2025,,"27,900.00","413,744.00"
10/07/2025,"4014-909-0, NALCITY BRANCH OL 1",10/07/2025,,"12,500.00","426,244.00"
10/07/2025,"2308-901-3220 ANWAR POULTRY A, CHHAGALNAIYA BRANCH OL 1",10/07/2025,,"130,000.00","556,244.00"
10/07/2025,"PIAPP, OWN BANK BUSINESS. A/C: 495*""***""*358, M/S LOVANA POULTRY FEED. Trx.ID 2025071010-2-148711 OL 1",10/07/2025,,"18,920.00","575,164.00"
10/07/2025,"PIAPP, OWN BANK MDANU. A/C: 352*""***""*197, M/S HALIMA POULTRY PRODUCT. Trx.ID 2025071010-2-175574 OL 1",10/07/2025,,"20,000.00","595,164.00"
10/07/2025,"2412-901-32555 M/S FORHAD TRAD, DAULATPUR BRANCH OL 1",10/07/2025,,"48,500.00","643,664.00"
10/07/2025,"2178-901-17240 M/S AWUL POULTR, THAKURGAON ROAD BRANCH OL 1",10/07/2025,,"50,000.00","693,664.00"
10/07/2025,"114-901-61169 M/S M R ENTERPR, SIRAJGONJ BRANCH OL 1",10/07/2025,,"36,000.00","729,664.00"
10/07/2025,"4656-901-10722 BISWAS POULTRY, TARKI BANDAR BRANCH (CD-10722) OL 1",10/07/2025,,"42,000.00","771,664.00"
10/07/2025,"2576-901-14798 SIKDER POULTRY, NAYERGAON BAZAR BRANCH OL 1",10/07/2025,,"54,000.00","825,664.00"
10/07/2025,"1900-901-40773 M/S TUHIN TRADE, GOPALGONJ BRANCH (FROM CD-40773) OL 1",10/07/2025,,"82,000.00","907,664.00"
10/07/2025,"4431-909-0, PATKELGHATA (RU BRANCH OL 1",10/07/2025,,"2,000.00","909,664.00"
10/07/2025,"PIAPP, OWN BANK DDDDD. A/C: 487*-***-***036, MAISHA POULTRY FEED. Trx.ID 2025071010-2-196720 OL 1",10/07/2025,,"130,000.00","1,039,664.00"
10/07/2025,"504-909-0, JAMALGONJ BRANCH (EMU TRADERS) OL 1",10/07/2025,,"11,200.00","1,050,864.00"
10/07/2025,"2178-909-0, THAKURGAON ROAD BRANCH OL 1",10/07/2025,,"56,000.00","1,106,864.00"
10/07/2025,"PIAPP, OWN BANK AL NOOR ENTERPRISE. A/C: 039*-***-***873, AL-NOOR ENTERPRISE. Trx.ID 2025071010-2-198910 OL 1",10/07/2025,,"50,000.00","1,156,864.00"
10/07/2025,"PIAPP, OWN BANK POULTRY CHECKS. A/C: 138*-***-***908, M/S RANGDHONU POULTRY FEED AND MEDICINE. Trx.ID 2025071010-2-",10/07/2025,,"100,000.00","1,256,864.00"
10/07/2025,"PIAPP, OWN BANK BUSINESS. A/C: 494*-***-***134, M/S SAIRA ENTERPRISE. Trx.ID 2025071010-2-199912 OL 1",10/07/2025,,"50,000.00","1,306,864.00"
10/07/2025,"PIAPP, OWN BANK FOR CHICKS. A/C: 175*-***-***720, ANISHA POULTRY PRODUCT. Trx.ID 2025071010-2-201824 OL 1",10/07/2025,,"24,200.00","1,331,064.00"
10/07/2025,939-901-41774 KAZI FARMS LIMI OL 1,10/07/2025,,"74,000.00","1,405,064.00"
10/07/2025,"4630-901-7417 SHADHIN POULTRY, BELABO BRANCH OL 1",10/07/2025,,"50,000.00","1,455,064.00"
10/07/2025,"RTGS INWARD FROM BELAL POULTRY FARM, Islami Bank Bangldesh Ltd. - Sitakunda Branch, RTGS Sender: 20502210100113300, BELAL",10/07/2025,,"123,500.00","1,578,564.00"
10/07/2025,"4075-901-4303 M/S RAHIM ENTER, NANDINA BAZAR BRANCH OL 1",10/07/2025,,"20,000.00","1,598,564.00"
10/07/2025,"1215-901-36917 M/S MAYMUNA TRA, BHOLA BRANCH OL 1",10/07/2025,,"42,200.00","1,640,764.00"
10/07/2025,"626-901-30855 LOKNATH POULTRY, SREEMONGAL BRANCH OL 1",10/07/2025,,"14,000.00","1,654,764.00"
10/07/2025,"4518-901-15577 M/S BISWAS POUL, CHUKNAGAR(RURAL BRANCH OL 1",10/07/2025,,"50,000.00","1,704,764.00"
10/07/2025,"PIAPP, OWN BANK BHAI BHAI. A/C: 245*-***-***740, NEW BHAI BHAI ENTERPRISE. Trx.ID 2025071010-2-223615 OL 1",10/07/2025,,"140,000.00","1,844,764.00"
10/07/2025,"4518-901-12024 HASANIA ENTERPR, CHUKNAGAR(RURAL BRANCH OL 1",10/07/2025,,"50,000.00","1,894,764.00"
10/07/2025,"2340-901-9721 MAKKA MADINA AG, MADUNAGHAT BRANCH (DR. FROM CD-9721) OL 1",10/07/2025,,"100,000.00","1,994,764.00"
10/07/2025,"833-909-0, LAKSHMIPUR BRANCH OL 1",10/07/2025,,"20,000.00","2,014,764.00"
10/07/2025,"PIAPP, OWN BANK BUSINESS. A/C: 439*-***-***170, M/S ABBAJAN AGRO FOODS. Trx.ID 2025071010-2-232795 OL 1",10/07/2025,,"8,000.00","2,022,764.00"
10/07/2025,"PIAPP, OWN BANK CHECK. A/C: 194*-***-***284, S M POULTRY FARM. Trx.ID 2025071010-2-237576 OL 1",10/07/2025,,"117,000.00","2,139,764.00"
10/07/2025,"1008-901-10378 RAHI POULTRY FE, TAJPUR BRANCH (OL) OL 1",10/07/2025,,"14,000.00","2,153,764.00"
10/07/2025,"3590-101-138844 SHEIKH ABDUL MU, KADAMTALI BRANCH OL 1",10/07/2025,,"60,300.00","2,214,064.00"
10/07/2025,"PIAPP, OWN BANK IBRAHIM. A/C: 528*-***-***819, M/S. YOUSHA POULTRY & FISH FEED. Trx.ID 2025071010-2-241527 OL 1",10/07/2025,,"15,000.00","2,229,064.00"
10/07/2025,"3112-901-33874 M/S TUHIN POULT, FULBARI BRANCH (FUND TRANSFER) OL 1",10/07/2025,,"50,000.00","2,279,064.00"
10/07/2025,"3590-901-5811 SYLHET POULTRY, KADAMTALI BRANCH OL 1",10/07/2025,,"80,000.00","2,359,064.00"
10/07/2025,"PIAPP, OWN BANK DIM GOR. A/C: 516*-***-***538, M/S LALMOHAN DIM GHOR. Trx.ID 2025071010-2-252048 OL 1",10/07/2025,,"90,000.00","2,449,064.00"
10/07/2025,"PIAPP, OWN BANK KHUL022. A/C: 587*-***-***232, M/S S A INTERNATIONAL. Trx.ID 2025071010-2-252126 OL 1",10/07/2025,,"50,000.00","2,499,064.00"
10/07/2025,"4725-901-7810 M/S FAHAD POULT, RAIPURA BRANCH OL 1",10/07/2025,,"14,400.00","2,513,464.00"
10/07/2025,"4160-909-0, PANGSHA BRANCH OL 1",10/07/2025,,"20,000.00","2,533,464.00"
10/07/2025,"PIAPP, OWN BANK BUSINESS. A/C: 118*-***-***476, SHIHAB POULTRY FARM. Trx.ID 2025071010-2-255033 OL 1",10/07/2025,,"45,000.00","2,578,464.00"
10/07/2025,"2316-901-7550 SHAHIN POULTRY, PAGLA BAZAR BRANCH OL 1",10/07/2025,,"100,000.00","2,678,464.00"
10/07/2025,"PIAPP, OWN BANK MANIK. A/C: 196*-***-***889, GRAM BANGLA POULTRY FEED & FISH FEED. Trx.ID 2025071010-2-255382 OL 1",10/07/2025,,"73,480.00","2,751,944.00"
10/07/2025,"1987-901-8002 M/S AJMIR POULT, BIBIRHAT BRANCH OL 1",10/07/2025,,"22,500.00","2,774,444.00"
10/07/2025,"122-901-31324 M/S SAFA TRADER, ISHURDI BRANCH OL 1",10/07/2025,,"50,000.00","2,824,444.00"
10/07/2025,"122-901-31324 M/S SAFA TRADER, ISHURDI BRANCH OL 1",10/07/2025,,"10,000.00","2,834,444.00"
10/07/2025,"2022-901-14440 M/S NISHAD TRAD, PARK ROAD BRANCH OL 1",10/07/2025,,"100,000.00","2,934,444.00"
10/07/2025,"2022-901-14440 M/S NISHAD TRAD, PARK ROAD BRANCH OL 1",10/07/2025,,"50,000.00","2,984,444.00"
10/07/2025,"PIAPP, OWN BANK SAHAB. A/C: 104*-***-***683, M/S. ENAM TRADERS. Trx.ID 2025071010-2-266040 OL 1",10/07/2025,,"80,000.00","3,064,444.00"
10/07/2025,"PIAPP, OWN BANK ADNAN POULTRY. A/C: 118*-***-***611, MD. ABUL HUSSAIN. Trx.ID 2025071010-2-272811 OL 1",10/07/2025,,"77,000.00","3,141,444.00"
10/07/2025,"PIAPP, OWN BANK TRANSFER. A/C: 132*-***-***310, M/S FARUQUE TRADERS. Trx.ID 2025071010-2-273075 OL 1",10/07/2025,,"80,000.00","3,221,444.00"
10/07/2025,"756-901-42585 M/S SIRAJ TRADE, RANGAMATI BRANCH OL 1",10/07/2025,,"160,000.00","3,381,444.00"
10/07/2025,"3330-901-23657 SHAFIQ POULTRY, BAKULTALA BRANCH (CD 901-23657) OL 1",10/07/2025,,"30,000.00","3,411,444.00"
10/07/2025,"2412-901-32555 M/S FORHAD TRAD, DAULATPUR BRANCH OL 1",10/07/2025,,"22,000.00","3,433,444.00"
10/07/2025,"PIAPP, OWN BANK CHICKS ADVANCE, A/C: 442*---***979, M/S SHAHED POULTRY FARM. Trx.ID 2025071010-2-295803 OL 1",10/07/2025,,"150,000.00","3,583,444.00"
10/07/2025,CR SND 1159 T 11,10/07/2025,"3,578,000.00",,"5,444.00"
10/07/2025,"EFT - BANGLADESH KRISHI BA, BUSINESS, COMP. - ZIKRA ENTERPRISE TRXID.: 20250710-8-339262 EFTN 1",10/07/2025,,"34,000.00","39,444.00"
10/07/2025,"PIAPP, OWN BANK LM 1100. A/C: 380*---***137, A. F. FISH FEED AND GOAT FIRM. Trx.ID 2025071010-2-354440 OL 1",10/07/2025,,"9,900.00","49,344.00"
10/07/2025,"PIAPP, OWN BANK BUSINESS, A/C: 101*---***898, MOHAMMAD FARUK UDDIN. Trx.ID 2025071010-2-372493 OL 1",10/07/2025,,"24,000.00","73,344.00"
10/07/2025,"PIAPP, OWN BANK BUSINES. A/C: 358*---***531, LUKMAN CHICKS AND FEED LTD. Trx.ID 2025071010-2-375059 OL 1",10/07/2025,,"14,000.00","87,344.00"
10/07/2025,"PIAPP, OWN BANK CHICKS. A/C: 019*---***880, M/S BUSHRA TRADERS. Trx.ID 2025071010-2-396226 OL 1",10/07/2025,,"100,000.00","187,344.00"
10/07/2025,"PIAPP, OWN BANK ALOM42944. A/C: 372*---***576, MASRURA POULTRY FEED. Trx.ID 2025071010-2-404429 OL 1",10/07/2025,,"62,600.00","249,944.00"
10/07/2025,"PIAPP, OWN BANK BISNES. A/C: 202*---***245, MS PAMEL TRADERS. Trx.ID 2025071010-2-418280 OL 1",10/07/2025,,"56,160.00","306,104.00"
10/07/2025,"PIAPP, OWN BANK CHICK PAYMENT. A/C: 261*---***911, M/S SOTOTA POULTRY FEEDS. Trx.ID 2025071010-2-423205 OL 1",10/07/2025,,"31,000.00","337,104.00"
10/07/2025,"PIAPP, OWN BANK BACHA. A/C: 463*---***813, M/S SHAH POULTRY FEED AND MEDICINE. Trx.ID 2025071010-2-437008 OL 1",10/07/2025,,"200,000.00","537,104.00"
10/07/2025,"PIAPP, OWN BANK BUSNE. A/C: 463*---***660, M/S MONNI POULTRY FEED & MEDICINE. Trx.ID 2025071010-2-448317 OL 1",10/07/2025,,"60,000.00","597,104.00"
10/07/2025,"PIAPP, OWN BANK MANIK. A/C: 196*---***889, GRAM BANGLA POULTRY FEED &FISH FEED. Trx.ID 2025071010-2-474985 OL 1",10/07/2025,,"1,600.00","598,704.00"
10/07/2025,"PIAPP, OWN BANK JAHIDUR RAHMAN RINKU. A/C: 221*---***747, M/S D. M. TRADERS. Trx.ID 2025071010-2-482333 OL 1",10/07/2025,,"40,000.00","638,704.00"
12/07/2025,"PIAPP, OWN BANK CHICKS MOHAMMAD BAI3600. A/C: 442*---***979, M/S SHAHED POULTRY FARM. Trx.ID 2025071211-2-3231 OL",12/07/2025,,"61,675.00","700,379.00"
12/07/2025,"PIAPP, OWN BANK BUSINESS. A/C: 329*---***384, M/S. SHAHADAT POULTRY FEEDS. Trx.ID 2025071212-2-332101 OL 1",12/07/2025,,"10,000.00","710,379.00"
12/07/2025,"PIAPP, OWN BANK KAZI CHICKS. A/C: 346*---***967, M/S MINHAZ POULTRY CORNER. Trx.ID 2025071212-2-334072 OL 1",12/07/2025,,"7,200.00","717,579.00"
12/07/2025,"PIAPP, OWN BANK FOR CHEEKS. A/C: 137*---***386, CHICKS AND FEED BHANDER. Trx.ID 2025071212-2-358757 OL 1",12/07/2025,,"10,000.00","727,579.00"
12/07/2025,"PIAPP, OWN BANK BUSINESS PROPUSE. A/C: 275*---***598, M/S ROKIB BROTHERS AND MISRO FARM. Trx.ID 2025071212-2-363458 OL 1",12/07/2025,,"20,000.00","747,579.00"
12/07/2025,"PIAPP, OWN BANK FOR CHICKS. A/C: 175*---***720, ANISHA POULTRY PRODUCT. Trx.ID 2025071212-2-388445 OL 1",12/07/2025,,"46,900.00","794,479.00"
12/07/2025,"PIAPP, OWN BANK MANIK. A/C: 196*---***889, GRAM BANGLA POULTRY FEED &FISH FEED. Trx.ID 2025071212-2-403424 OL 1",12/07/2025,,"61,200.00","855,679.00"
12/07/2025,"PIAPP, OWN BANK CHICKS PAYMENT. A/C: 049*---***957, AL KARIM POULTRY PRODUCTS. Trx.ID 2025071212-2-410566 OL 1",12/07/2025,,"21,000.00","876,679.00"
12/07/2025,"PIAPP, OWN BANK TWENTY SEVEN THOUSAND. A/C: 372*---***000, BOSHRA POULTRY AND FISH FEED. Trx.ID 2025071212-",12/07/2025,,"27,000.00","903,679.00"
12/07/2025,"PIAPP, OWN BANK ADNAN POULTRY. A/C: 118*""***""*611, MD. ABUL HUSSAIN. Trx.ID 2025071212-2-444510 OL 1",12/07/2025,,"36,400.00","940,079.00"
12/07/2025,"PIAPP, OWN BANK NUR PTY CHICKS TK CHIT209. A/C: 197*""***""*031, M/S NUR POULTRY FEED & CHICKS CENTER. Trx.ID",12/07/2025,,"13,500.00","953,579.00"
12/07/2025,"PIAPP, OWN BANK 144. A/C: 372*""***""*491, ZIHAD POULTRY & FISH FEED. Trx.ID 2025071212-2-491768 OL 1",12/07/2025,,"45,000.00","998,579.00"
12/07/2025,"PIAPP, OWN BANK APPLE. A/C: 148*""***""*744, ABDULLAH POULTY. Trx.ID 2025071212-2-492646 OL 1",12/07/2025,,"22,200.00","1,020,779.00"
12/07/2025,"PIAPP, OWN BANK ALOM42944. A/C: 372*""***""*576, MASRURA POULTRY FEED. Trx.ID 2025071212-2-498813 OL 1",12/07/2025,,"25,200.00","1,045,979.00"
12/07/2025,"PIAPP, OWN BANK SABUJ KANTI CHOWDHURY. A/C: 049*""***""*871, M/S SHUVRO ENTERPRISE. Trx.ID 2025071212-2",12/07/2025,,"12,600.00","1,058,579.00"
12/07/2025,"PIAPP, OWN BANK CHICKS PAYMENT. A/C: 281*""***""*207, M/S AYMONA POULTRY FEED & CHICKS. Trx.ID 2025071212-2-550646 OL 1",12/07/2025,,"21,000.00","1,079,579.00"
13/07/2025,"PIAPP, OWN BANK ADJMOJB. A/C: 484*""***""*930, HENA AGRO. Trx.ID 2025071313-2-21759 OL 1",13/07/2025,,"42,000.00","1,121,579.00"
13/07/2025,"PIAPP, OWN BANK NEW NOOR KHULNA. A/C: 285*""***""*023, NEW NOOR POULTRY & FISH FEED COMPLEX. Trx.ID 2025071313-2-33550",13/07/2025,,"18,500.00","1,140,079.00"
13/07/2025,"374-901-57576 DAS POULTRY COR, BARISAL BRANCH OL 1",13/07/2025,,"62,000.00","1,202,079.00"
13/07/2025,"3556-901-1940 DHAKA BREEDERS & HATCHERY, PRINCIPAL (ISLAMIC) BRANCH 939-901-41774 KAZI FARMS LIMI OL 1",13/07/2025,,"500,000.00","1,702,079.00"
13/07/2025,"1467-909-0, NATORE BRANCH (SADIK) OL 1",13/07/2025,,"10,500.00","1,712,579.00"
13/07/2025,"4014-909-0, NALCITY BRANCH OL 1",13/07/2025,,"13,000.00","1,725,579.00"
13/07/2025,"PIAPP, OWN BANK NUR PTY CHICKS TK CHIT209. A/C: 197*""***""*031, M/S NUR POULTRY FEED & CHICKS CENTER. Trx.ID",13/07/2025,,"27,020.00","1,752,599.00"
13/07/2025,INTERBANK FUND TRANSFER ISLAMI BANK BANGLADESH LIMITED 20503760100064518 0,13/07/2025,,"20,000.00","1,772,599.00"
13/07/2025,"4924-901-1708 ANWAR POULTRY F, MONIRAMPUR BRANCH OL 1",13/07/2025,,"3,000.00","1,775,599.00"
13/07/2025,"3972-901-5360 M/S ASHA POULTR, DHAKA DAKSHIN BRANCH OL 1",13/07/2025,,"50,000.00","1,825,599.00"
13/07/2025,"2133-909-0, MADABPASHA BRANCH OL 1",13/07/2025,,"4,800.00","1,830,399.00"
13/07/2025,"4240-901-819 RUPALI POULTRY, RAJAR BAZAR BRANCH OL 1",13/07/2025,,"150,000.00","1,980,399.00"
13/07/2025,"PIAPP, OWN BANK SDFDD. A/C: 487*""***""*036, MAISHA POULTRY FEED. Trx.ID 2025071313-2-109048 OL 1",13/07/2025,,"100,000.00","2,080,399.00"
13/07/2025,"PIAPP, OWN BANK DDDDD. A/C: 487*""***""*036, MAISHA POULTRY FEED. Trx.ID 2025071313-2-109910 OL 1",13/07/2025,,"20,000.00","2,100,399.00"
13/07/2025,"1181-901-15460 FULECHA POULTR, NABIGONJ BRANCH OL 1",13/07/2025,,"18,480.00","2,118,879.00"
13/07/2025,"1674-909-0, BABUGONJ BRANCH OL 1",13/07/2025,,"12,000.00","2,130,879.00"
13/07/2025,"1051-102-483 M/S JANONI POUL, RAJAPUR BRANCH (KAWKHALI (1051102000483)) OL 1",13/07/2025,,"36,400.00","2,167,279.00"
13/07/2025,"3582-901-3444 MINA ENTERPRISE, GOLAPGONJ BRANCH OL 1",13/07/2025,,"25,000.00","2,192,279.00"
13/07/2025,"4457-901-6599 M/S S. R TRADE, SUBIDKHALI (RUR BRANCH OL 1",13/07/2025,,"7,300.00","2,199,579.00"
13/07/2025,"1215-909-0, BHOLA BRANCH OL 1",13/07/2025,,"20,000.00","2,219,579.00"
13/07/2025,"1682-901-23924 M/S MAA POULTRY, MADAN BRANCH OL 1",13/07/2025,,"100,000.00","2,319,579.00"
13/07/2025,"3842-901-1770 SHAMIM STORE, GACHHBARI BRANCH OL 1",13/07/2025,,"110,000.00","2,429,579.00"
13/07/2025,"PIAPP, OWN BANK FEED. A/C: 139*---***698, G. K. DAIRY & AGRO. Trx.ID 2025071313-2-152034 OL 1",13/07/2025,,"54,000.00","2,483,579.00"
13/07/2025,"1674-909-0, BABUGONJ BRANCH OL 1",13/07/2025,,"10,000.00","2,493,579.00"
13/07/2025,4924-901-12060 ALIF POULTRY & MONIRAMPUR BRANCH (CD-12060) OL 1,13/07/2025,,"40,000.00","2,533,579.00"
13/07/2025,"1979-901-14929 M/S RAJU POULTR, NAZIRHAT BRANCH (TR BY CD AC 14929) OL 1",13/07/2025,,"23,200.00","2,556,779.00"
13/07/2025,"2263-901-14122 SARMI POULTRY F, SARATGONJ BRANCH OL 1",13/07/2025,,"40,000.00","2,596,779.00"
13/07/2025,"2178-901-17240 M/S AWUL POULTR, THAKURGAON ROAD BRANCH OL 1",13/07/2025,,"50,000.00","2,646,779.00"
13/07/2025,"2022-901-19710 M/S BINTI TRADE, PARK ROAD BRANCH OL 1",13/07/2025,,"100,000.00","2,746,779.00"
13/07/2025,"PIAPP, OWN BANK MAA ENTERPRISE. A/C: 223*---***044, MAA ENTERPRISE. Trx.ID 2025071313-2-167553 OL 1",13/07/2025,,"30,000.00","2,776,779.00"
13/07/2025,4205-901-9547 20250713-408573-1 B 2,13/07/2025,,"11,100.00","2,787,879.00"
13/07/2025,"2178-909-0, THAKURGAON ROAD BRANCH OL 1",13/07/2025,,"60,000.00","2,847,879.00"
13/07/2025,"2308-901-3220 ANWAR POULTRY A, CHHAGALNAIYA BRANCH OL 1",13/07/2025,,"200,000.00","3,047,879.00"
13/07/2025,"PIAPP, OWN BANK FOR CHIKS 2120. A/C: 485*---***170, ARHA POULTRY & FEED. Trx.ID 2025071313-2-174839 OL 1",13/07/2025,,"33,920.00","3,081,799.00"
13/07/2025,"53-901-31856 M/S ASHUGONJ MA, ASHUGONJ BRANCH OL 1",13/07/2025,,"100,000.00","3,181,799.00"
13/07/2025,"PIAPP, OWN BANK MDANU. A/C: 352*---***197, M/S HALIMA POULTRY PRODUCT. Trx.ID 2025071313-2-182428 OL 1",13/07/2025,,"10,000.00","3,191,799.00"
13/07/2025,"PIAPP, OWN BANK MAYER DOA POULTRY PATU015. A/C: 507*---***206, M/S MAYER DOA POULTRY AND FISH FEED. Trx.ID 2025071313-2",13/07/2025,,"41,000.00","3,232,799.00"
13/07/2025,"860-901-48176 M/S AKON POULTR, PATUAKHALI BRANCH (CD-48176) OL 1",13/07/2025,,"200,000.00","3,432,799.00"
13/07/2025,"1215-901-36917 M/S MAYMUNA TRA, BHOLA BRANCH OL 1",13/07/2025,,"9,600.00","3,442,399.00"
13/07/2025,"5211-909-0, CHAPRASHIRHAT BRANCH OL 1",13/07/2025,,"34,500.00","3,476,899.00"
13/07/2025,"PIAPP, OWN BANK MANIK. A/C: 196*---***889, GRAM BANGLA POULTRY FEED & FISH FEED. Trx.ID 2025071313-2-201700 OL 1",13/07/2025,,"46,800.00","3,523,699.00"
13/07/2025,"2852-901-44011 M/S SIFAT ENTER, SHAIKHPARA BAZA BRANCH OL 1",13/07/2025,,"400,000.00","3,923,699.00"
13/07/2025,"1640-901-65064 M/S FRIENDS POU, KISHOREGONJ BRANCH OL 1",13/07/2025,,"8,000.00","3,931,699.00"
13/07/2025,"520-901-25979 M/S NAZMIN POUL, CHHATAK BRANCH OL 1",13/07/2025,,"23,000.00","3,954,699.00"
13/07/2025,"3669-909-0, NOAPARA BAZAR BRANCH OL 1",13/07/2025,,"6,600.00","3,961,299.00"
13/07/2025,"3582-909-0, GOLAPGONJ BRANCH (JAHID) OL 1",13/07/2025,,"43,500.00","4,004,799.00"
13/07/2025,"1613-909-0, GAIBANDHA BRANCH (KAYSAR) OL 1",13/07/2025,,"4,000.00","4,008,799.00"
13/07/2025,"PIAPP, OWN BANK BUSINESSS. A/C: 149*--***-**010, M/S NURUL TRADERS. Trx.ID 2025071313-2-207885 OL 1",13/07/2025,,"32,994.00","4,041,793.00"
13/07/2025,"4075-901-4303 M/S RAHIM ENTER, NANDINA BAZAR BRANCH OL 1",13/07/2025,,"30,000.00","4,071,793.00"
13/07/2025,"PIAPP, OWN BANK SALAM. A/C: 307*--***-**204, SALAM POULTRY & FEED. Trx.ID 2025071313-2-208889 OL 1",13/07/2025,,"27,600.00","4,099,393.00"
13/07/2025,"833-909-0, LAKSHMIPUR BRANCH OL 1",13/07/2025,,"85,000.00","4,184,393.00"
13/07/2025,"4431-901-7793 SATOTA POULTRY, PATKELGHATA (RU BRANCH OL 1",13/07/2025,,"100,000.00","4,284,393.00"
13/07/2025,"5211-909-0, CHAPRASHIRHAT BRANCH OL 1",13/07/2025,,"57,500.00","4,341,893.00"
13/07/2025,"4160-909-0, PANGSHA BRANCH OL 1",13/07/2025,,"50,000.00","4,391,893.00"
13/07/2025,"4431-909-0, PATKELGHATA (RU BRANCH OL 1",13/07/2025,,"20,000.00","4,411,893.00"
13/07/2025,"1406-901-12901 M/S ORIN TRADER, GOALABAZAR BRANCH (CD-12901) OL 1",13/07/2025,,"100,000.00","4,511,893.00"
13/07/2025,"4680-901-6066 SABIHA ENTERPRI, KALAROA BRANCH OL 1",13/07/2025,,"50,000.00","4,561,893.00"
13/07/2025,"2412-901-32555 M/S FORHAD TRAD, DAULATPUR BRANCH OL 1",13/07/2025,,"25,000.00","4,586,893.00"
13/07/2025,"PIAPP, OWN BANK CHIKS. A/C: 058*--***896, M/S MOHON TRADERS. Trx.ID 2025071313-2-219039 OL 1",13/07/2025,,"34,000.00","4,620,893.00"
13/07/2025,"PIAPP, OWN BANK FEED. A/C: 253*--***700, BATEN POULTRY. Trx.ID 2025071313-2-221559 OL 1",13/07/2025,,"30,000.00","4,650,893.00"
13/07/2025,"PIAPP, OWN BANK ADNAN POULTRY. A/C: 118*--***611, MD. ABUL HUSSAIN. Trx.ID 2025071313-2-224229 OL 1",13/07/2025,,"12,600.00","4,663,493.00"
13/07/2025,"2653-901-24910 M/S. SALIM POUL, MOULVIBAZAR BRANCH OL 1",13/07/2025,,"400,000.00","5,063,493.00"
13/07/2025,"5280-901-393 M/S SAGOR POLTR, BORHANUDDIN BRANCH OL 1",13/07/2025,,"50,000.00","5,113,493.00"
13/07/2025,"581-901-35596 ALIM POULTRY FE, BHERAMARA BRANCH OL 1",13/07/2025,,"100,000.00","5,213,493.00"
13/07/2025,"PIAPP, OWN BANK NIJAM. A/C: 192*--***434, JANNAT PULTRY FEED & CHICKS CENTER. Trx.ID 2025071313-2-237920 OL 1",13/07/2025,,"200,000.00","5,413,493.00"
13/07/2025,"3616-901-16257 RIFAT POULTRY F, CHOWMUHANA BRANCH OL 1",13/07/2025,,"12,000.00","5,425,493.00"
13/07/2025,"4725-901-7810 M/S FAHAD POULT, RAIPURA BRANCH (CD-7810) OL 1",13/07/2025,,"30,800.00","5,456,293.00"
13/07/2025,"PIAPP, OWN BANK TRANSFER. A/C: 132""-""""""-""""310, M/S FARUQUE TRADERS. Trx.ID 2025071313-2-241687 OL 1",13/07/2025,,"50,000.00","5,506,293.00"
13/07/2025,"PIAPP, OWN BANK BUSINESS. A/C: 285""-""""""-""""011, M/S SIFAT ENTERPRIZE. Trx.ID 2025071313-2-242337 OL 1",13/07/2025,,"45,000.00","5,551,293.00"
13/07/2025,"2454-901-30474 CHARBARIA POULT, BAZAR ROAD BRANCH OL 1",13/07/2025,,"22,000.00","5,573,293.00"
13/07/2025,"4940-901-7936 M/S TAHSIN TABA, KUMARKHALI BRANCH OL 1",13/07/2025,,"75,000.00","5,648,293.00"
13/07/2025,"3590-901-5811 SYLHET POULTRY, KADAMTALI BRANCH OL 1",13/07/2025,,"30,000.00","5,678,293.00"
13/07/2025,"PIAPP, OWN BANK PURCHASE. A/C: 291""-""""""-""""381, ARHAM POULTRY FEED & MEDICINE. Trx.ID 2025071313-2-248324 OL 1",13/07/2025,,"7,840.00","5,686,133.00"
13/07/2025,"4075-901-6186 M/S. N.S POULTR, NANDINA BAZAR BRANCH OL 1",13/07/2025,,"24,000.00","5,710,133.00"
13/07/2025,"4197-909-0, SITAKUNDA SME BRANCH OL 1",13/07/2025,,"15,000.00","5,725,133.00"
13/07/2025,"642-909-0, KHATUNGONJ BRANCH (ANOWER) OL 1",13/07/2025,,"4,400,000.00","10,125,133.00"
13/07/2025,"PIAPP, OWN BANK 1235. A/C: 130""-""""""-""""990, MOUMITA POULTRY AND FISH FEED. Trx.ID 2025071313-2-259810 OL 1",13/07/2025,,"9,300.00","10,134,433.00"
13/07/2025,"1199-901-11077 BIJE GHAR, JAGANNATHPUR BRANCH (TR FROM CD-11077) OL 1",13/07/2025,,"75,000.00","10,209,433.00"
13/07/2025,"PIAPP, OWN BANK KHUL022. A/C: 587""-""""""-""""232, M/S S A INTERNATIONAL. Trx.ID 2025071313-2-264107 OL 1",13/07/2025,,"20,000.00","10,229,433.00"
13/07/2025,"PIAPP, OWN BANK LM 1000 13 LM500 15. A/C: 380""-""""""-""""137, A. F. FISH FEED AND GOAT FIRM. Trx.ID 2025071313-2-269964 OL 1",13/07/2025,,"20,000.00","10,249,433.00"
13/07/2025,"PIAPP, OWN BANK BUSINESS. A/C: 189""-""""""-""""469, M/S SIDDIQUE ENTERPRISE. Trx.ID 2025071313-2-279729 OL 1",13/07/2025,,"10,000.00","10,259,433.00"
13/07/2025,CR SND 1159 T 11,13/07/2025,"10,254,000.00",,"5,433.00"
13/07/2025,"PIAPP, OWN BANK BUSINESS. A/C: 118""-""""""-""""476, SHIHAB POULTRY FARM. Trx.ID 2025071313-2-282675 OL 1",13/07/2025,,"16,200.00","21,633.00"
13/07/2025,"EFT - ISLAMI BANK BANGLADE, IBANKING, COMP. - NOTAPPLICABLE TRXID.: 20250713-8-286546 EFTN 1",13/07/2025,,"105,000.00","126,633.00"
13/07/2025,"PIAPP, OWN BANK BUSINES. A/C: 358""-""""""-""""531, LUKMAN CHICKS AND FEED LTD. Trx.ID 2025071313-2-313858 OL 1",13/07/2025,,"7,500.00","134,133.00"
13/07/2025,"EFT - ISLAMI BANK BANGLADE, IBANKING, COMP. - NOTAPPLICABLE TRXID.: 20250713-8-314579 EFTN 1",13/07/2025,,"100,000.00","234,133.00"
13/07/2025,"PIAPP, OWN BANK TRANSFAR. A/C: 309""-""""""-""""836, HASIN TRADERS. Trx.ID 2025071313-2-352053 OL 1",13/07/2025,,"47,600.00","281,733.00"
13/07/2025,"PIAPP, OWN BANK BOILQR CHICKIS. A/C: 463""-""""""-""""298, REKHA VETERINARY CORNER. Trx.ID 2025071313-2-370371 OL 1",13/07/2025,,"20,000.00","301,733.00"
13/07/2025,"PIAPP, OWN BANK AIDEL. A/C: 265""-""""""-""""866, BISHMILLAH POULTRY CHICKS & FEED. Trx.ID 2025071313-2-372641 OL 1",13/07/2025,,"80,000.00","381,733.00"
13/07/2025,"PIAPP, OWN BANK DOC KHAG 009. A/C: 194****562, SHARIF POULTRY FEED CENTER.Trx.ID 2025071313-2-382487 OL 1",13/07/2025,,"100,000.00","481,733.00"
13/07/2025,"PIAPP, OWN BANK ALOM42944. A/C: 372****576, MASRURA POULTRY FEED. Trx.ID2025071313-2-389974 OL 1",13/07/2025,,"97,400.00","579,133.00"
13/07/2025,"PIAPP, OWN BANK CHICKS PAYMENT. A/C:169****716, M/S ALAK TRADERS. Trx.ID2025071313-2-399941 OL 1",13/07/2025,,"9,300.00","588,433.00"
13/07/2025,"PIAPP, OWN BANK BUSINESS. A/C: 469****956, M/S APON ENTERPRISE. Trx.ID2025071313-2-403102 OL 1",13/07/2025,,"50,000.00","638,433.00"
13/07/2025,"PIAPP, OWN BANK 144. A/C: 372****491, ZIHAD POULTRY & FISH FEED. Trx.ID2025071313-2-406151 OL 1",13/07/2025,,"22,000.00","660,433.00"
13/07/2025,"PIAPP, OWN BANK BUSINESS. A/C: 101****898, MOHAMMAD FARUK UDDIN. Trx.ID2025071313-2-427713 OL 1",13/07/2025,,"11,000.00","671,433.00"
14/07/2025,"PIAPP, OWN BANK SAHAB. A/C: 104****683, M/S. ENAM TRADERS. Trx.ID 2025071414-2-2841 OL 1",14/07/2025,,"30,000.00","701,433.00"
14/07/2025,"581-102-750 OBONI POULTRY F, BHERAMARABRANCH OL 1",14/07/2025,,"100,000.00","801,433.00"
14/07/2025,"PIAPP, OWN BANK BUSINESS PROPUSE. A/C:275****598, M/S ROKIB BROTHERS ANDMISRO FARM. Trx.ID 2025071414-2-57028 OL 1",14/07/2025,,"17,000.00","818,433.00"
14/07/2025,"3640-909-0, HOSPITAL ROAD BRANCH OL 1",14/07/2025,,"20,000.00","838,433.00"
14/07/2025,"PIAPP, OWN BANK KAZI FARMS LTD. A/C:174****047, AKBAR ENTERPRISE. Trx.ID2025071414-2-85699 OL 1",14/07/2025,,"55,000.00","893,433.00"
14/07/2025,"PIAPP, OWN BANK SAYFUL. A/C: 140****594, RAKIB POULTRY PRODUCTS. Trx.ID2025071414-2-112709 OL 1",14/07/2025,,"100,000.00","993,433.00"
14/07/2025,"PIAPP, OWN BANK BUSINESS. A/C: 397****467, M/S J R POULTRY FARM. Trx.ID2025071414-2-116937 OL 1",14/07/2025,,"27,600.00","1,021,033.00"
14/07/2025,"PIAPP, OWN BANK SDFDD. A/C: 487****036, MAISHA POULTRY FEED. Trx.ID 2025071414-2-118740 OL 1",14/07/2025,,"40,000.00","1,061,033.00"
14/07/2025,"PIAPP, OWN BANK CHIKS. A/C: 058****896, M/S MOHON TRADERS. Trx.ID 2025071414-2-133613 OL 1",14/07/2025,,"100,000.00","1,161,033.00"
14/07/2025,"PIAPP, OWN BANK NUR. A/C: 204****675, M/S NUR ENTERPRISE. Trx.ID 2025071414-2-135032 OL 1",14/07/2025,,"2,500.00","1,163,533.00"
14/07/2025,INTERBANK FUND TRANSFER NRBCOMMERCIAL BANK LIMITED511233300003209 0,14/07/2025,,"50,000.00","1,213,533.00"
14/07/2025,"3876-901-1217 SUCHI KRISHI BI,DAGONBHUIYAN BRANCH (TRANSFER FROMCD-1217) OL 1",14/07/2025,,"100,000.00","1,313,533.00"
14/07/2025,"2791-901-38219 BANDARBAN POULT,BANDARBAN BRANCH OL 1",14/07/2025,,"20,000.00","1,333,533.00"
14/07/2025,"114-902-2156 M/S SHARKAR POU, SIRAJGONJBRANCH OL 1",13/07/2025,,"25,000.00","1,358,533.00"
14/07/2025,"PIAPP, OWN BANK CHICKS. A/C: 118****776, ANIK POULTRY FEED & CHICKS. Trx.ID2025071414-2-160371 OL 1",14/07/2025,,"157,520.00","1,516,053.00"
14/07/2025,"PIAPP, OWN BANK NUR PTY CHICKS TKCHIT209. A/C: 197****031, M/S NURPOULTRY FEED & CHICKS CENTER. Trx.ID",14/07/2025,,"47,600.00","1,563,653.00"
14/07/2025,"PIAPP, OWN BANK ARIYAN POULTRY. A/C:360****811, M/S ARIYAN AND ARABIPOULTRY & FEED. Trx.ID 2025071414-2-167200",14/07/2025,,"18,600.00","1,582,253.00"
14/07/2025,"982-909-0, MITACHARA BAZAR BRANCH OL 1",14/07/2025,,"22,240.00","1,604,493.00"
14/07/2025,"1979-901-14929 M/S RAJU POULTR, NAZIRHAT BRANCH OL 1",14/07/2025,,"22,400.00","1,626,893.00"
14/07/2025,4205-901-10120 20250714-408453-1 B 3,14/07/2025,,"50,000.00","1,676,893.00"
14/07/2025,"581-901-35596 ALIM POULTRY FE, BHERAMARA BRANCH OL 1",14/07/2025,,"80,000.00","1,756,893.00"
14/07/2025,"1051-102-483 M/S JANONI POUL, RAJAPUR BRANCH (KAWKHALI) OL 1",14/07/2025,,"40,300.00","1,797,193.00"
14/07/2025,"PIAPP, OWN BANK BUSINESS. A/C: 307*-***- ***457, MD. HABIBUR RAHMAN PABEL. Trx.ID 2025071414-2-186238 OL 1",14/07/2025,,"13,600.00","1,810,793.00"
14/07/2025,"1406-901-12901 M/S ORIN TRADER, GOALABAZAR BRANCH (CD-12901) OL 1",14/07/2025,,"200,000.00","2,010,793.00"
14/07/2025,"443-102-746 M/S MOHESHKHALI, MOHESHKHALI BRANCH (SND 746) OL 1",14/07/2025,,"31,500.00","2,042,293.00"
14/07/2025,"1900-901-41171 M/S HOWLADER EN, GOPALGONJ BRANCH (FROM CD-41171) OL 1",14/07/2025,,"100,000.00","2,142,293.00"
14/07/2025,"1475-909-0, HATIYA BRANCH (SAMIM) OL 1",14/07/2025,,"50,000.00","2,192,293.00"
14/07/2025,"1934-901-24832 M/S SHOMPA ENTE, TARASH BRANCH OL 1",14/07/2025,,"39,600.00","2,231,893.00"
14/07/2025,"3972-901-5360 M/S ASHA POULTR, DHAKA DAKSHIN BRANCH OL 1",14/07/2025,,"30,000.00","2,261,893.00"
14/07/2025,"CRM Cash Deposit from PUBALI BANK PLC, BANGLA BAZAR SUB BR, RRN- 519508735438, UTRN-119735438,",14/07/2025,,"6,000.00","2,267,893.00"
14/07/2025,"1181-901-15460 FULECHA POULTR, NABIGONJ BRANCH OL 1",14/07/2025,,"19,200.00","2,287,093.00"
14/07/2025,"PIAPP, OWN BANK ADNAN POULTRY. A/C: 118*-***-***611, MD. ABUL HUSSAIN. Trx.ID 2025071414-2-200190 OL 1",14/07/2025,,"54,000.00","2,341,093.00"
14/07/2025,"4725-901-7810 M/S FAHAD POULT, RAIPURA BRANCH (CD-7810) OL 1",14/07/2025,,"19,600.00","2,360,693.00"
14/07/2025,"2462-909-0, ZILLA PARISHAD BRANCH OL 1",14/07/2025,,"50,400.00","2,411,093.00"
14/07/2025,"4014-909-0, NALCITY BRANCH OL 1",14/07/2025,,"9,600.00","2,420,693.00"
14/07/2025,"313-909-0, MYMENSINGH MAIN BRANCH OL 1",14/07/2025,,"5,000.00","2,425,693.00"
14/07/2025,"PIAPP, OWN BANK MDANU. A/C: 352*-***- ***197, M/S HALIMA POULTRY PRODUCT. Trx.ID 2025071414-2-215114 OL 1",14/07/2025,,"20,000.00","2,445,693.00"
14/07/2025,"2653-901-24910 M/S. SALIM POUL, MOULVIBAZAR BRANCH OL 1",14/07/2025,,"61,000.00","2,506,693.00"
14/07/2025,"PIAPP, OWN BANK FEED. A/C: 253*-***-***111, ABDUL BATEN. Trx.ID 2025071414-2-221118 OL 1",14/07/2025,,"50,000.00","2,556,693.00"
14/07/2025,"PIAPP, OWN BANK BUSINESS. A/C: 349*-***- ***924, OZIBA POULTRY CHIKS & FEED. Trx.ID 2025071414-2-221638 OL 1",14/07/2025,,"45,000.00","2,601,693.00"
14/07/2025,"PIAPP, OWN BANK SALAM. A/C: 307*-***-***204, SALAM POULTRY & FEED. Trx.ID 2025071414- 2-227772 OL 1",14/07/2025,,"22,800.00","2,624,493.00"
14/07/2025,"3502-909-0, GUNINGONJ BRANCH (BABLU) OL 1",14/07/2025,,"15,000.00","2,639,493.00"
14/07/2025,INTERBANK FUND TRANSFER ISLAMI BANK BANGLADESH LIMITED 205077********4853 0,14/07/2025,,"20,000.00","2,659,493.00"
14/07/2025,"1900-909-0, GOPALGONJ BRANCH OL 1",14/07/2025,,"75,000.00","2,734,493.00"
14/07/2025,"1892-901-32577 SOHEL POULTRY F, AKUR TAKUR BRANCH OL 1",14/07/2025,,"20,000.00","2,754,493.00"
14/07/2025,"PIAPP, OWN BANK BUSINESS. A/C: 118*---***-476, SHIHAB POULTRY FARM. Trx.ID 2025071414-2-232604 OL 1",14/07/2025,,"30,000.00","2,784,493.00"
14/07/2025,"4449-901-9564 SHARIF DAIRY AN, MULADI BRANCH OL 1",14/07/2025,,"30,000.00","2,814,493.00"
14/07/2025,"PIAPP, OWN BANK JAKARIA. A/C: 406*---***-608, J.K. TRADING. Trx.ID 2025071414-2-23883 OL 1",14/07/2025,,"10,000.00","2,824,493.00"
14/07/2025,"PIAPP, OWN BANK JAHIDUR RAHMAN RINKU. A/C: 221*---***747, M/S D, M. TRADERS. Trx.ID 2025071414-2-240687 OL 1",14/07/2025,,"171,000.00","2,995,493.00"
14/07/2025,4205-901-4124 20250714-531866-1 B 2,14/07/2025,,"70,000.00","3,065,493.00"
14/07/2025,"PIAPP, OWN BANK MANIK. A/C: 196*---***889, GRAM BANGLA POULTRY FEED &FISH FEED. Trx.ID 2025071414-2-244399 OL 1",14/07/2025,,"11,200.00","3,076,693.00"
14/07/2025,"PIAPP, OWN BANK MANIK. A/C: 196*---***889, GRAM BANGLA POULTRY FEED &FISH FEED. Trx.ID 2025071414-2-245555 OL 1",14/07/2025,,800.00,"3,077,493.00"
14/07/2025,"4075-901-4303 M/S RAHIM ENTER, NANDINA BAZAR BRANCH OL 1",14/07/2025,,"14,000.00","3,091,493.00"
14/07/2025,"PIAPP, OWN BANK ISLAMIC PULTY FEED. A/C: 465*---***776, ISLAMIC POULTRY FEED. Trx.ID 2025071414-2-253125 OL 1",14/07/2025,,"10,000.00","3,101,493.00"
14/07/2025,"PIAPP, OWN BANK MA BABAR DOA POULTRY JAMAL PUR NANDI. A/C: 407*---***421, MA BABAR DOWA POULTRY & FISH FEED. Trx.ID",14/07/2025,,"100,000.00","3,201,493.00"
14/07/2025,"PIAPP, OWN BANK BHAI BHAI. A/C: 245*---***740, NEW BHAI BHAI ENTERPRISE. Trx.ID 2025071414-2-253960 OL 1",14/07/2025,,"72,500.00","3,273,993.00"
14/07/2025,"PIAPP, OWN BANK CHICK. A/C: 037*---***509, M/S AKON TRADERS. Trx.ID 2025071414-2-268744 OL 1",14/07/2025,,"30,000.00","3,303,993.00"
14/07/2025,"PIAPP, OWN BANK TWENTY SIX THOUSAND, A/C: 372*---***000, BOSHRA POULTRY AND FISH FEED. Trx.ID 2025071414-2-274305 OL 1",14/07/2025,,"26,000.00","3,329,993.00"
14/07/2025,CR SND 1159 T 9,14/07/2025,"3,324,000.00",,"5,993.00"
14/07/2025,"PIAPP, OWN BANK BOILAR CHICKS. A/C: 463*---***298, REKHA VETERINARY CORNER. Trx.ID 2025071414-2-301612 OL 1",14/07/2025,,"80,000.00","85,993.00"
14/07/2025,"PIAPP, OWN BANK CHICKS 5500 PC. A/C: 348*---***329, RUPOSHI AGRO FARM. Trx.ID 2025071414-2-330369 OL 1",14/07/2025,,"34,000.00","119,993.00"
14/07/2025,"PIAPP, OWN BANK CKESS. A/C: 018*---***291, BROTHERS ENTERPRISE. Trx.ID 2025071414-2-347485 OL 1",14/07/2025,,"50,000.00","169,993.00"
14/07/2025,"PIAPP, OWN BANK BUSINESS. A/C: 101*---***898, MOHAMMAD FARUK UDDIN. Trx.ID 2025071414-2-427343 OL 1",14/07/2025,,"16,000.00","185,993.00"
14/07/2025,"PIAPP, OWN BANK PURCHASE. A/C: 291*---***381, ARHAM POULTRY FEED & MEDICINE. Trx.ID 2025071414-2-457024 OL 1",14/07/2025,,"6,720.00","192,713.00"
14/07/2025,"PIAPP, OWN BANK HIZLA. A/C: 110*---***015, M/S MAMUN TRADERS. Trx.ID 2025071414-2-477251 OL 1",14/07/2025,,"26,000.00","218,713.00"
14/07/2025,"PIAPP, OWN BANK SATATA TDS. A/C: 151*---***531, MD. SHARIFUL ISLAM. Trx.ID 2025071414-2-501678 OL 1",14/07/2025,,"6,000.00","224,713.00"
14/07/2025,"PIAPP, OWN BANK CASH. A/C: 463*-***-***298, REKHA VETERINARY CORNER. Trx.ID 2025071414-2-503701 OL 1",14/07/2025,,"30,000.00","254,713.00"
14/07/2025,"PIAPP, OWN BANK ALOM42944. A/C: 372*-***-***576, MASRURA POULTRY FEED. Trx.ID 2025071414-2-506872 OL 1",14/07/2025,,"42,800.00","297,513.00"
14/07/2025,"PIAPP, OWN BANK AL MODINA HARTA. A/C: 245*-***-***192, AL MODINA FISH AND POULTRY FARM. Trx.ID 2025071414-2-524916",14/07/2025,,"40,000.00","337,513.00"
15/07/2025,"PIAPP, OWN BANK SAHAB. A/C: 104*-***-***683, M/S. ENAM TRADERS. Trx.ID 2025071515-2-80255 OL 1",15/07/2025,,"20,000.00","357,513.00"
15/07/2025,"5582-909-0, MALIGRAM SUB BRANCH OL 1",15/07/2025,,"12,000.00","369,513.00"
15/07/2025,"PIAPP, OWN BANK KAZI. A/C: 194*-***-***238, M/S. BACCHU MIA SALES CENTRE. Trx.ID 2025071515-2-112426 OL 1",15/07/2025,,"51,000.00","420,513.00"
15/07/2025,"PIAPP, OWN BANK BUSINESS. A/C: 316*-***-***126, MONOWARA CHICKS & FEED CENTER. Trx.ID 2025071515-2-124269 OL 1",15/07/2025,,"25,000.00","445,513.00"
15/07/2025,"RTGS INWARD FROM M/S SARDER POULTRY FEED, Agrani Bank Ltd. - Batajore Branch, RTGS Sender: 0200003694093, M/S SARDER",15/07/2025,,"200,000.00","645,513.00"
15/07/2025,"PIAPP, OWN BANK CHICKS. A/C: 118*-***-***776, ANIK POULTRY FEED & CHICKS. Trx.ID 2025071515-2-195295 OL 1",15/07/2025,,"34,800.00","680,313.00"
15/07/2025,"1300-909-0, BATIAGHATA BRANCH OL 1",15/07/2025,,"23,900.00","704,213.00"
15/07/2025,"1300-909-0, BATIAGHATA BRANCH OL 1",15/07/2025,,"10,400.00","714,613.00"
15/07/2025,"4993-909-0, BSCIC BRANCH OL 1",15/07/2025,,"22,000.00","736,613.00"
15/07/2025,"5513-901-2183 MANSURA ENTERPR, SACHNA BAZAR SU BRANCH OL 1",15/07/2025,,"50,200.00","786,813.00"
15/07/2025,"PIAPP, OWN BANK MANIK. A/C: 196*-***-***889, GRAM BANGLA POULTRY FEED & FISH FEED. Trx.ID 2025071515-2-244750 OL 1",15/07/2025,,"52,000.00","838,813.00"
15/07/2025,"4014-909-0, NALCITY BRANCH OL 1",15/07/2025,,"19,200.00","858,013.00"
15/07/2025,"PIAPP, OWN BANK FOR CHICKS. A/C: 175*-***-***720, ANISHA POULTRY PRODUCT. Trx.ID 2025071515-2-250629 OL 1",15/07/2025,,"22,000.00","880,013.00"
15/07/2025,"2412-901-32555 M/S FORHAD TRAD, DAULATPUR BRANCH OL 1",15/07/2025,,"30,000.00","910,013.00"
15/07/2025,"4951-909-0, FULBARIA BRANCH OL 1",15/07/2025,,"8,050.00","918,063.00"
15/07/2025,"PIAPP, OWN BANK CHICKS PAYMENT. A/C: 049*-***-***957, AL KARIM POULTRY PRODUCTS. Trx.ID 2025071515-2-267565 OL 1",15/07/2025,,"12,000.00","930,063.00"
15/07/2025,"114-902-2156 M/S SHARKAR POU, SIRAJGONJ BRANCH (CONFORMATION OF A/C HOLDER WITH PRESENT) OL 1",14/07/2025,,"50,000.00","980,063.00"
15/07/2025,"2316-901-7550 SHAHIN POULTRY, PAGLA BAZAR BRANCH OL 1",15/07/2025,,"150,000.00","1,130,063.00"
15/07/2025,"2653-901-24910 M/S. SALIM POUL, MOULVIBAZAR BRANCH OL 1",15/07/2025,,"50,000.00","1,180,063.00"
15/07/2025,"1621-901-37211 TAJIM ENTERPRIS, NETROKONA BRANCH OL 1",15/07/2025,,"29,000.00","1,209,063.00"
15/07/2025,"4725-901-7810 M/S FAHAD POULT, RAIPURA BRANCH OL 1",15/07/2025,,"23,200.00","1,232,263.00"
15/07/2025,"4266-901-4580 SHAIKH ENTERPRISE, PHULTALI BRANCH OL 1",15/07/2025,,"50,000.00","1,282,263.00"
15/07/2025,"3364-901-33351 M/S KHAN POULTRI, TRISHAL BRANCH OL 1",15/07/2025,,"200,000.00","1,482,263.00"
15/07/2025,"756-901-42585 M/S SIRAJ TRADE, RANGAMATI BRANCH OL 1",15/07/2025,,"150,000.00","1,632,263.00"
15/07/2025,"3364-901-33351 M/S KHAN POULTRI, TRISHAL BRANCH OL 1",15/07/2025,,"15,050.00","1,647,313.00"
15/07/2025,"1751-901-13403 HAZI ABDUL MALI, KALIGONJ, SYLHE BRANCH OL 1",15/07/2025,,"22,000.00","1,669,313.00"
15/07/2025,"PIAPP, OWN BANK A. A/C: 528*---***393, M/S SAGOR POULTRY FEED. Trx.ID 2025071515-2-299007 OL 1",15/07/2025,,"35,000.00","1,704,313.00"
15/07/2025,"PIAPP, OWN BANK BAHAR. A/C: 196*---***390, M/S ADORSHA POULTRY FEED & CHICKS. Trx.ID 2025071515-2-303398 OL 1",15/07/2025,,"40,000.00","1,744,313.00"
15/07/2025,"313-909-0, MYMENSINGH MAIN BRANCH OL 1",15/07/2025,,"6,000.00","1,750,313.00"
15/07/2025,"3590-901-11533 SHUVECCHA POULT, KADAMTALI BRANCH OL 1",15/07/2025,,"24,000.00","1,774,313.00"
15/07/2025,"PIAPP, OWN BANK CHICKS PAYMENT. A/C: 169*---***716, M/S ALAK TRADERS. Trx.ID 2025071515-2-305871 OL 1",15/07/2025,,"19,500.00","1,793,813.00"
15/07/2025,"114-909-0, SIRAJGONJ BRANCH (RUBEL) OL 1",15/07/2025,,"9,400.00","1,803,213.00"
15/07/2025,"3502-909-0, GUNINGONJ BRANCH OL 1",15/07/2025,,"30,000.00","1,833,213.00"
15/07/2025,"2247-901-3709 JILANI POULTRY F, NANUPUR BRANCH OL 1",15/07/2025,,"6,805.00","1,840,018.00"
15/07/2025,"PIAPP, OWN BANK NUR PTY CHICKS TK CHIT209. A/C: 197*---***031, M/S NUR POULTRY FEED & CHICKS CENTER. Trx.ID",15/07/2025,,"33,800.00","1,873,818.00"
15/07/2025,"PIAPP, OWN BANK EIGHT THOUSAND. A/C: 372*---***000, BOSHRA POULTRY AND FISH FEED. Trx.ID 2025071515-2-316926 OL 1",15/07/2025,,"8,000.00","1,881,818.00"
15/07/2025,"PIAPP, OWN BANK MAA ENTERPRISE. A/C: 223*---***044, MAA ENTERPRISE. Trx.ID 2025071515-2-317097 OL 1",15/07/2025,,"29,000.00","1,910,818.00"
15/07/2025,"4362-901-14288 M/S TALUKDER P, GALACHIPA BRANCH OL 1",15/07/2025,,"65,000.00","1,975,818.00"
15/07/2025,"PIAPP, OWN BANK ARIYAN POULTRY. A/C: 360*---***811, M/S ARIYAN AND ARABI POULTRY & FEED. Trx.ID 2025071515-2-318775",15/07/2025,,"27,000.00","2,002,818.00"
15/07/2025,"3590-901-5811 SYLHET POULTRY, KADAMTALI BRANCH OL 1",15/07/2025,,"40,000.00","2,042,818.00"
15/07/2025,"2239-901-17044 MAA ENTERPRISE, TEBUNIA BRANCH OL 1",15/07/2025,,"75,000.00","2,117,818.00"
15/07/2025,"PIAPP, OWN BANK CHICK. A/C: 406*---***683, BISMILLAH POULTRY FIRM. Trx.ID 2025071515-2-363238 OL 1",15/07/2025,,"150,000.00","2,267,818.00"
15/07/2025,"PIAPP, OWN BANK 144. A/C: 372*---***491, ZIHAD POULTRY & FISH FEED. Trx.ID 2025071515-2-368777 OL 1",15/07/2025,,"10,000.00","2,277,818.00"
15/07/2025,"PIAPP, OWN BANK MDANU. A/C: 352*---***197, M/S HALIMA POULTRY PRODUCT. Trx.ID 2025071515-2-371635 OL 1",15/07/2025,,"20,000.00","2,297,818.00"
15/07/2025,"PIAPP, OWN BANK SAHAB. A/C: 104*---***683, M/S. ENAM TRADERS. Trx.ID 2025071515-2-381505 OL 1",15/07/2025,,"30,000.00","2,327,818.00"
15/07/2025,CR SND 1159 T 11,15/07/2025,"2,322,000.00",,"5,818.00"
15/07/2025,"PIAPP, OWN BANK AIDEL. A/C: 265*.*.*.*866, BISHMILLAH POULTRY CHICKS & FEED. Trx.ID 2025071515-2-484415 OL 1",15/07/2025,,"40,000.00","45,818.00"
15/07/2025,"PIAPP, OWN BANK SAYFUL. A/C: 140*.*.* 594, RAKIB POULTRY PRODUCTS. Trx.ID 2025071515-2-493498 OL 1",15/07/2025,,"80,000.00","125,818.00"
15/07/2025,"PIAPP, OWN BANK CHECK. A/C: 194*.*.*.*284, S M POULTRY FARM. Trx.ID 2025071515-2-516366 OL 1",15/07/2025,,"50,000.00","175,818.00"
15/07/2025,"PIAPP, OWN BANK MASTER POULTRY FIRMS. A/C: 030*.*.*.*046, M/S MASTER POULTRY FIRMS. Trx.ID 2025071515-2-551877 OL 1",15/07/2025,,"100,000.00","275,818.00"
15/07/2025,"PIAPP, OWN BANK BUSNIESS. A/C: 107*.*.* 330, M/S SEBA POULTRY FEED & MEDICINE ZONE. Trx.ID 2025071515-2-560399 OL 1",15/07/2025,,"150,000.00","425,818.00"
15/07/2025,"PIAPP, OWN BANK ALOM42944. A/C: 372*.*.* 576, MASRURA POULTRY FEED. Trx.ID 2025071515-2-602643 OL 1",15/07/2025,,"44,800.00","470,618.00"
15/07/2025,"PIAPP, OWN BANK LM3400 12 TSF 200 30. A/C: 380*.*.*.*137, A. F. FISH FEED AND GOAT FIRM. Trx.ID 2025071515-2-620613 OL 1",15/07/2025,,"46,800.00","517,418.00"
16/07/2025,"374-909-0, BARISAL BRANCH OL 1",16/07/2025,,"6,050.00","523,468.00"
16/07/2025,"PIAPP, OWN BANK CHICKS PAYMENT. A/C: 201*.*.*.*256, M/S TAHSIN POULTRY FEED AND MEDICINE. Trx.ID 2025071616-2-88916 OL",16/07/2025,,"48,000.00","571,468.00"
16/07/2025,"4680-909-0, KALAROA BRANCH OL 1",16/07/2025,,"9,720.00","581,188.00"
16/07/2025,"2133-909-0, MADABPASHA BRANCH (DELWAR) OL 1",16/07/2025,,"7,200.00","588,388.00"
16/07/2025,"3669-909-0, NOAPARA BAZAR BRANCH (IQBAL) OL 1",16/07/2025,,"3,640.00","592,028.00"
16/07/2025,"PIAPP, OWN BANK DOC KHAG 009. A/C: 194*.*.*562, SHARIF POULTRY FEED CENTER. Trx.ID 2025071616-2-192531 OL 1",16/07/2025,,"200,000.00","792,028.00"
16/07/2025,"4014-909-0, NALCITY BRANCH OL 1",16/07/2025,,"18,500.00","810,528.00"
16/07/2025,"3590-901-11533 SHUVECCHA POULT, KADAMTALI BRANCH OL 1",16/07/2025,,"13,800.00","824,328.00"
16/07/2025,"2133-909-0, MADABPASHA BRANCH OL 1",16/07/2025,,"50,000.00","874,328.00"
16/07/2025,"PIAPP, OWN BANK JAHIDUR RAHMAN RINKU. A/C: 221*.*.*747, M/S D. M. TRADERS. Trx.ID 2025071616-2-205564 OL 1",16/07/2025,,"50,000.00","924,328.00"
16/07/2025,"PIAPP, OWN BANK BUSINESS. A/C: 041*.*.* 978, PRINCE AGRO. Trx.ID 2025071616-2-214088 OL 1",16/07/2025,,"27,300.00","951,628.00"
16/07/2025,"PIAPP, OWN BANK BUSINESS. A/C: 041*.*.* 978, PRINCE AGRO. Trx.ID 2025071616-2-215001 OL 1",16/07/2025,,"13,000.00","964,628.00"
16/07/2025,"1873-909-0, BARGUNA BRANCH OL 1",16/07/2025,,"11,400.00","976,028.00"
16/07/2025,"1008-901-10378 RAHI POULTRY FE, TAJPUR BRANCH (OL) OL 1",16/07/2025,,"28,200.00","1,004,228.00"
16/07/2025,"PIAPP, OWN BANK N S POULTRY. A/C: 407*.*.*186, M/S. N.S POULTRY & FISH FEED. Trx.ID 2025071616-2-234227 OL 1",16/07/2025,,"6,000.00","1,010,228.00"
16/07/2025,"1900-909-0, GOPALGONJ BRANCH OL 1",16/07/2025,,"42,000.00","1,052,228.00"
16/07/2025,"3112-901-33874 M/S TUHIN POULT, FULBARI BRANCH (FUND TRANSFER) OL 1",16/07/2025,,"50,000.00","1,102,228.00"
16/07/2025,"PIAPP, OWN BANK TRANSFER, A/C: 132*-***-**310, M/S FARUQUE TRADERS. Trx.ID 2025071616-2-242411 OL 1",16/07/2025,,"50,000.00","1,152,228.00"
16/07/2025,"2340-901-9721 MAKKA MADINA AG, MADUNAGHAT BRANCH (DR. FROM CD-9721) OL 1",16/07/2025,,"200,000.00","1,352,228.00"
16/07/2025,"PIAPP, OWN BANK CHICKS. A/C: 019*-***-**880, M/S BUSHRA TRADERS. Trx.ID 2025071616-2-243126 OL 1",16/07/2025,,"60,000.00","1,412,228.00"
16/07/2025,"PIAPP, OWN BANK AFRIN TRADERS. A/C: 019*-**-**939, M/S RAKIB LEYAR AGRO FARM. Trx.ID 2025071616-2-246718 OL 1",16/07/2025,,"10,000.00","1,422,228.00"
16/07/2025,"4672-909-0, NEKMOROD BRANCH (YOUSUR) OL 1",16/07/2025,,"65,000.00","1,487,228.00"
16/07/2025,"1674-909-0, BABUGONJ BRANCH OL 1",16/07/2025,,"19,200.00","1,506,428.00"
16/07/2025,"2412-901-32555 M/S FORHAD TRAD, DAULATPUR BRANCH OL 1",16/07/2025,,"18,000.00","1,524,428.00"
16/07/2025,"2653-901-24910 M/S. SALIM POUL, MOULVIBAZAR BRANCH OL 1",16/07/2025,,"75,000.00","1,599,428.00"
16/07/2025,"4266-901-9717 M/S FAISAL POUL, PHULTALA BRANCH OL 1",16/07/2025,,"15,600.00","1,615,028.00"
16/07/2025,"4518-901-15577 M/S BISWAS POUL, CHUKNAGAR(RURAL BRANCH OL 1",16/07/2025,,"80,000.00","1,695,028.00"
16/07/2025,"PIAPP, OWN BANK FDDF. A/C: 487*-***-***036, MAISHA POULTRY FEED. Trx.ID 2025071616-2-269215 OL 1",16/07/2025,,"20,000.00","1,715,028.00"
16/07/2025,"1979-901-14929 M/S RAJU POULTR, NAZIRHAT BRANCH OL 1",16/07/2025,,"14,000.00","1,729,028.00"
16/07/2025,"1170-901-20713 SOTOTA BROILER, DAULATPUR BRANCH OL 1",16/07/2025,,"22,800.00","1,751,828.00"
16/07/2025,"4075-901-4303 M/S RAHIM ENTER, NANDINA BAZAR BRANCH OL 1",16/07/2025,,"10,000.00","1,761,828.00"
16/07/2025,"4075-901-4303 M/S RAHIM ENTER, NANDINA BAZAR BRANCH OL 1",16/07/2025,,"15,000.00","1,776,828.00"
16/07/2025,"PIAPP, OWN BANK EIGHTY ONE THOUSAND ONLY. A/C: 521*-***-***197, AL AMIN POULTRY & CHIKS FEED. Trx.ID 2025071616-2-281358 OL",16/07/2025,,"81,000.00","1,857,828.00"
16/07/2025,"3330-901-23657 SHAFIQ POULTRY, BAKULTALA BRANCH OL 1",16/07/2025,,"20,000.00","1,877,828.00"
16/07/2025,"4725-901-7810 M/S FAHAD POULT, RAIPURA BRANCH (CD-7810) OL 1",16/07/2025,,"99,400.00","1,977,228.00"
16/07/2025,"PIAPP, OWN BANK BUSINESS. A/C: 081*-***-**897, MOHAMMADUL HOQUE. Trx.ID 2025071616-2-292007 OL 1",16/07/2025,,"54,000.00","2,031,228.00"
16/07/2025,"4197-901-1785 M/S KALLANY AGR, SITAKUNDA SME BRANCH OL 1",16/07/2025,,"16,350.00","2,047,578.00"
16/07/2025,"1621-901-37211 TAJIM ENTERPRIS, NETROKONA BRANCH OL 1",16/07/2025,,"80,000.00","2,127,578.00"
16/07/2025,"5696-909-0, BIRAMPUR BRANCH (MEHEDI HASAN) OL 1",16/07/2025,,"30,000.00","2,157,578.00"
16/07/2025,"PIAPP, OWN BANK BUSINESS. A/C: 149*-***-**010, M/S NURUL TRADERS. Trx.ID 2025071616-2-297749 OL 1",16/07/2025,,"10,000.00","2,167,578.00"
16/07/2025,"5964-909-0, RAMU SUB BRANCH (RAHIM) OL 1",16/07/2025,,"21,000.00","2,188,578.00"
16/07/2025,"1215-901-36917 M/S MAYMUNA TRA, BHOLA BRANCH OL 1",16/07/2025,,"18,240.00","2,206,818.00"
16/07/2025,"4412-102-1136 AKRAM POULTRY A, BAROIYAR HAT BRANCH OL 1",16/07/2025,,"6,000.00","2,212,818.00"
16/07/2025,"1138-901-23943 M/S MA-MONI POU, KALAIYA BANDAR BRANCH OL 1",16/07/2025,,"40,000.00","2,252,818.00"
16/07/2025,"4412-901-15706 EMON POULTRY, BAROIYAR HAT BRANCH OL 1",16/07/2025,,"280,000.00","2,532,818.00"
16/07/2025,"PIAPP, OWN BANK BUSINESS. A/C: 118*---***476, SHIHAB POULTRY FARM. Trx.ID 2025071616-2-310476 OL 1",16/07/2025,,"15,000.00","2,547,818.00"
16/07/2025,"581-901-35596 ALIM POULTRY FE, BHERAMARA BRANCH OL 1",16/07/2025,,"30,000.00","2,577,818.00"
16/07/2025,"PIAPP, OWN BANK BISNES. A/C: 202*---***245, MS PAMEL TRADERS. Trx.ID 2025071616-2-317357 OL 1",16/07/2025,,"50,500.00","2,628,318.00"
16/07/2025,"PIAPP, OWN BANK FEED PAYMENT. A/C: 201*---***256, M/S TAHSIN POULTRY FEED AND MEDICINE. Trx.ID 2025071616-2-328949 OL 1",16/07/2025,,"19,600.00","2,647,918.00"
16/07/2025,"PIAPP, OWN BANK MODENA POLTE. A/C: 370*---***576, MODINA POULTRY FEEDS. Trx.ID 2025071616-2-332688 OL 1",16/07/2025,,"100,000.00","2,747,918.00"
16/07/2025,"2022-901-14440 M/S NISHAD TRAD, PARK ROAD BRANCH OL 1",16/07/2025,,"200,000.00","2,947,918.00"
16/07/2025,"PIAPP, OWN BANK ANOWAR POULTRY CHHAGALNIYA. A/C: 230*---***220, ANWAR POULTRY AND FEEDS COMPLEX. Trx.ID",16/07/2025,,"100,000.00","3,047,918.00"
16/07/2025,CR SND 1159 T 11,16/07/2025,"3,042,000.00",,"5,918.00"
16/07/2025,"PIAPP, OWN BANK AIDEL. A/C: 265*---***866, BISHMILLAH POULTRY CHICKS & FEED. Trx.ID 2025071616-2-385342 OL 1",16/07/2025,,"104,000.00","109,918.00"
16/07/2025,"PIAPP, OWN BANK FOR CHICKS. A/C: 175*---***720, ANISHA POULTRY PRODUCT. Trx.ID 2025071616-2-414553 OL 1",16/07/2025,,"18,000.00","127,918.00"
16/07/2025,"PIAPP, OWN BANK ALOM42944, A/C: 372*---***576, MASRURA POULTRY FEED. Trx.ID 2025071616-2-448559 OL 1",16/07/2025,,"51,170.00","179,088.00"
16/07/2025,"PIAPP, OWN BANK BHAI BHAI. A/C: 245*---***740, NEW BHAI BHAI ENTERPRISE. Trx.ID 2025071616-2-457709 OL 1",16/07/2025,,"85,000.00","264,088.00"
16/07/2025,"PIAPP, OWN BANK 1700. A/C: 408*---***227, SABBIR POULTRY. Trx.ID 2025071616-2-467415 OL 1",16/07/2025,,"1,700.00","265,788.00"
16/07/2025,"PIAPP, OWN BANK MOU 33. A/C: 447*---***201, BROTHERS POULTRY. Trx.ID 2025071616-2-522147 OL 1",16/07/2025,,"1,700.00","267,488.00"
16/07/2025,"PIAPP, OWN BANK AL MODINA HARTA. A/C: 245*---***192, AL MODINA FISH AND POULTRY FARM. Trx.ID 2025071616-2-567583",16/07/2025,,"113,000.00","380,488.00"
17/07/2025,"PIAPP, OWN BANK KHUL022. A/C: 587*---***232, M/S S A INTERNATIONAL. Trx.ID 2025071717-2-7010 OL 1",17/07/2025,,"40,000.00","420,488.00"
17/07/2025,INTERBANK FUND TRANSFER ISLAMI BANK BANGLADESH LIMITED 20503760100064518 0,17/07/2025,,"22,000.00","442,488.00"
17/07/2025,INTERBANK FUND TRANSFER ISLAMI BANK BANGLADESH LIMITED 20503760100064518 0,17/07/2025,,"18,000.00","460,488.00"
17/07/2025,"PIAPP, OWN BANK AL HERA AGRO FARM. A/C: 274*---***407, AL-HERA AGRO FARM. Trx.ID 2025071717-2-120388 OL 1",17/07/2025,,"50,000.00","510,488.00"
17/07/2025,"EFT - BANGLADESH KRISHI BA, I, COMP. - NOTAPPLICABLE TRXID.: 20250717-8-121047 EFTN 1",17/07/2025,,"48,000.00","558,488.00"
17/07/2025,"EFT - BANGLADESH KRISHI BA, MODERN POU, COMP. - NOTAPPLICABLE TRXID.: 20250717-8-138952 EFTN 1",17/07/2025,,"42,000.00","600,488.00"
17/07/2025,"4014-909-0, NALCITY BRANCH OL 1",17/07/2025,,"46,100.00","646,588.00"
17/07/2025,"PIAPP, OWN BANK TRA, A/C: 176*.*.*.*881, MYMENSINGH ENTERPRISE. Trx.ID 2025071717-2-180462 OL 1",17/07/2025,,"20,000.00","666,588.00"
17/07/2025,"PIAPP, OWN BANK BRAWN CHECKS. A/C: 138*.*.*.*908, M/S RANGDHONU POULTRY FEED AND MEDICINE. Trx.ID 2025071717-2-",17/07/2025,,"7,500.00","674,088.00"
17/07/2025,"PIAPP, OWN BANK POULTRY CHECKS. A/C: 138*.*.*.*908, M/S RANGDHONU POULTRY FEED AND MEDICINE. Trx.ID 2025071717-2-",17/07/2025,,"90,000.00","764,088.00"
17/07/2025,"4656-909-0, TARKI BANDAR BRANCH OL 1",17/07/2025,,"30,000.00","794,088.00"
17/07/2025,"1162-901-23360 M/S. CHAITI AN, SINGAIR BRANCH (TFR FROM CA 23360) OL 1",17/07/2025,,"100,000.00","894,088.00"
17/07/2025,"443-102-746 M/S MOHESHKHALI, MOHESHKHALI BRANCH (CD-41774) OL 1",17/07/2025,,"14,400.00","908,488.00"
17/07/2025,"PIAPP, OWN BANK SHAHJALAL. A/C: 389*.*.*.*337, SHAHJALAL PROTEIN HOUSE & MEDICINE. Trx.ID 2025071717-2-227674 OL 1",17/07/2025,,"1,700.00","910,188.00"
17/07/2025,"PIAPP, OWN BANK BUSINESS. A/C: 495*.*.*.*358, M/S LOVANA POULTRY FEED. Trx.ID 2025071717-2-228720 OL 1",17/07/2025,,"30,800.00","940,988.00"
17/07/2025,"PIAPP, OWN BANK BUSINESS. A/C: 495*.*.*.*358, M/S LOVANA POULTRY FEED. Trx.ID 2025071717-2-230324 OL 1",17/07/2025,,"20,160.00","961,148.00"
17/07/2025,"53-901-31856 M/S ASHUGONJ MA, ASHUGONJ BRANCH OL 1",17/07/2025,,"200,000.00","1,161,148.00"
17/07/2025,"PIAPP, OWN BANK SABUJ KANTI CHOWDHURY. A/C: 049*.*.*.*871, M/S SHUVRO ENTERPRISE. Trx.ID 2025071717-2-",17/07/2025,,"68,700.00","1,229,848.00"
17/07/2025,"3799-901-5301 M/S MOHONA POUL, BENAPOLE BRANCH OL 1",17/07/2025,,"70,000.00","1,299,848.00"
17/07/2025,"3556-901-1940 DHAKA BREEDERS & HATCHERY, PRINCIPAL (ISLAMIC) BRANCH 939-901-41774 KAZI FARMS LIMI OL 1",17/07/2025,,"2,000,000.00","3,299,848.00"
17/07/2025,"4266-909-0, PHULTALA BRANCH (CINMOY) OL 1",17/07/2025,,"10,000.00","3,309,848.00"
17/07/2025,INTERBANK FUND TRANSFER NRB COMMERCIAL BANK LIMITED 51123300003209 0,17/07/2025,,"50,000.00","3,359,848.00"
17/07/2025,"4518-901-12024 HASANIA ENTERPR, CHUKNAGAR(RURAL BRANCH OL 1",17/07/2025,,"50,000.00","3,409,848.00"
17/07/2025,"4993-909-0, BSCIC BRANCH OL 1",17/07/2025,,"81,000.00","3,490,848.00"
17/07/2025,"PIAPP, OWN BANK ISLAMIC PULTY FEED. A/C: 465*.*.*.*776, ISLAMIC POULTRY FEED. Trx.ID 2025071717-2-267633 OL 1",17/07/2025,,"10,000.00","3,500,848.00"
17/07/2025,"PIAPP, OWN BANK KZFVJJI. A/C: 389*.*.*.*337, SHAHJALAL PROTEIN HOUSE & MEDICINE. Trx.ID 2025071717-2-267988 OL 1",17/07/2025,,"22,800.00","3,523,648.00"
17/07/2025,"4786-909-0, COLONEL HAT BRANCH (MR MPHIUDIN) OL 1",17/07/2025,,"20,000.00","3,543,648.00"
17/07/2025,"1491-909-0, BAGERHAT BRANCH OL 1",17/07/2025,,"11,100.00","3,554,748.00"
17/07/2025,"PIAPP, OWN BANK COCK EXTRA PRICE. A/C: 348*.***.***329, RUPOSHI AGRO FARM. Trx.ID 2025071717-2-283057 OL 1",17/07/2025,,"4,500.00","3,559,248.00"
17/07/2025,"PIAPP, OWN BANK BUSNE. A/C: 463*.***.***660, M/S MONNI POULTRY FEED & MEDICINE. Trx.ID 2025071717-2-285186 OL 1",17/07/2025,,"150,000.00","3,709,248.00"
17/07/2025,"2178-909-0, THAKURGAON ROAD BRANCH OL 1",17/07/2025,,"66,000.00","3,775,248.00"
17/07/2025,"833-909-0, LAKSHMIPUR BRANCH OL 1",17/07/2025,,"30,000.00","3,805,248.00"
17/07/2025,"2412-901-42590 M/S TURJO POULT, DAULATPUR BRANCH OL 1",17/07/2025,,"150,000.00","3,955,248.00"
17/07/2025,INTERBANK FUND TRANSFER BRAC BANK LIMITED 2073409480001 0,17/07/2025,,"16,000.00","3,971,248.00"
17/07/2025,"3112-901-33874 M/S TUHIN POULT, FULBARI BRANCH (FUND TRANSFER) OL 1",17/07/2025,,"50,000.00","4,021,248.00"
17/07/2025,"PIAPP, OWN BANK ANOWAR POULTRY CHHAGALNIYA. A/C: 230*.***.***220, ANWAR POULTRY AND FEEDS COMPLEX. Trx.ID",17/07/2025,,"100,000.00","4,121,248.00"
17/07/2025,"1979-901-14929 M/S RAJU POULTR, NAZIRHAT BRANCH OL 1",17/07/2025,,"10,800.00","4,132,048.00"
17/07/2025,"504-901-20145 M/S EMU TRADERS, JAMALGONJ BRANCH OL 1",17/07/2025,,"17,680.00","4,149,728.00"
17/07/2025,"PIAPP, OWN BANK MDANU. A/C: 352*.***.***197, M/S HALIMA POULTRY PRODUCT. Trx.ID 2025071717-2-315378 OL 1",17/07/2025,,"10,000.00","4,159,728.00"
17/07/2025,"PIAPP, OWN BANK BUSINESS. A/C: 329*.***.***384, M/S. SHAHADAT POULTRY FEEDS. Trx.ID 2025071717-2-318062 OL 1",17/07/2025,,"9,000.00","4,168,728.00"
17/07/2025,"2178-901-17240 M/S AWUL POULTR, THAKURGAON ROAD BRANCH OL 1",17/07/2025,,"50,000.00","4,218,728.00"
17/07/2025,939-901-41774 KAZI FARMS LIMI OL 1,17/07/2025,,"150,000.00","4,368,728.00"
17/07/2025,939-901-41774 KAZI FARMS LIMI OL 1,17/07/2025,,"150,000.00","4,518,728.00"
17/07/2025,"2263-901-14122 SARMI POULTRY F, SARATGONJ BRANCH OL 1",17/07/2025,,"20,000.00","4,538,728.00"
17/07/2025,"520-901-25979 M/S NAZMIN POUL, CHHATAK BRANCH OL 1",17/07/2025,,"22,000.00","4,560,728.00"
17/07/2025,"3364-901-43207 KAMRUL TRADERS, TRISHAL BRANCH OL 1",17/07/2025,,"300,000.00","4,860,728.00"
17/07/2025,"1016-909-0, UKHIYA BRANCH (RASHID MIA) OL 1",17/07/2025,,"14,000.00","4,874,728.00"
17/07/2025,"4075-901-4303 M/S RAHIM ENTER, NANDINA BAZAR BRANCH OL 1",17/07/2025,,"10,000.00","4,884,728.00"
17/07/2025,"PIAPP, OWN BANK MOU 33. A/C: 447*.***.***201, BROTHERS POULTRY. Trx.ID 2025071717-2-346436 OL 1",17/07/2025,,"54,000.00","4,938,728.00"
17/07/2025,"4940-901-7936 M/S TAHSIN TABA, KUMARKHALI BRANCH OL 1",17/07/2025,,"20,000.00","4,958,728.00"
17/07/2025,"1093-909-0, NAZIRPUR BRANCH OL 1",17/07/2025,,"111,300.00","5,070,028.00"
17/07/2025,"2316-901-7550 SHAHIN POULTRY, PAGLA BAZAR BRANCH OL 1",17/07/2025,,"70,000.00","5,140,028.00"
17/07/2025,"1181-901-15460 FULECHA POULTR, NABIGONJ BRANCH OL 1",17/07/2025,,"12,000.00","5,152,028.00"
17/07/2025,"2600-901-15730 SOHEL POULTRY, LOHAGARA BRANCH (FROM CD-15730) OL 1",17/07/2025,,"1,000,000.00","6,152,028.00"
17/07/2025,"2653-909-0, MOULVIBAZAR BRANCH (SELIM) OL 1",17/07/2025,,"3,400.00","6,155,428.00"
17/07/2025,939-901-41774 KAZI FARMS LIMI OL 1,17/07/2025,,"120,000.00","6,275,428.00"
17/07/2025,"PIAPP, OWN BANK SALAM. A/C: 307*--***204, SALAM POULTRY & FEED. Trx.ID 2025071717-2-358864 OL 1",17/07/2025,,"24,000.00","6,299,428.00"
17/07/2025,"PIAPP, OWN BANK 144. A/C: 372*--***491, ZIHAD POULTRY & FISH FEED. Trx.ID 2025071717-2-361294 OL 1",17/07/2025,,"16,800.00","6,316,228.00"
17/07/2025,"4924-901-12060 ALIF POULTRY & , MONIRAMPUR BRANCH OL 1",17/07/2025,,"40,000.00","6,356,228.00"
17/07/2025,"581-901-35596 ALIM POULTRY FE, BHERAMARA BRANCH OL 1",17/07/2025,,"140,000.00","6,496,228.00"
17/07/2025,"167-909-0, NILPHAMARI BRANCH OL 1",17/07/2025,,"3,460.00","6,499,688.00"
17/07/2025,"3616-901-16257 RIFAT POULTRY F, CHOWMUHANA BRANCH OL 1",17/07/2025,,"27,000.00","6,526,688.00"
17/07/2025,"4924-901-12060 ALIF POULTRY & , MONIRAMPUR BRANCH OL 1",17/07/2025,,"11,520.00","6,538,208.00"
17/07/2025,"1674-909-0, BABUGONJ BRANCH OL 1",17/07/2025,,"24,240.00","6,562,448.00"
17/07/2025,"PIAPP, OWN BANK A. A/C: 528*--***393, M/S SAGOR POULTRY FEED. Trx.ID 2025071717-2-369157 OL 1",17/07/2025,,"18,000.00","6,580,448.00"
17/07/2025,"4197-909-0, SITAKUNDA SME BRANCH OL 1",17/07/2025,,"15,165.00","6,595,613.00"
17/07/2025,"PIAPP, OWN BANK ALOM42944. A/C: 372*--***576, MASRURA POULTRY FEED. Trx.ID 2025071717-2-373539 OL 1",17/07/2025,,"100,880.00","6,696,493.00"
17/07/2025,"PIAPP, OWN BANK SHARKAR POULTRY FEED. A/C: 011*--***290, M/S SHARKAR POULTRY FEED AND FARM. Trx.ID 2025071717-2-374247",17/07/2025,,"20,000.00","6,716,493.00"
17/07/2025,"4725-901-7810 M/S FAHAD POULT, RAIPURA BRANCH OL 1",17/07/2025,,"24,600.00","6,741,093.00"
17/07/2025,"PIAPP, OWN BANK BUSINESS. A/C: 280*--***098, M/S. BHOR BAZAR POULTRY CENTER. Trx.ID 2025071717-2-405013 OL 1",17/07/2025,,"40,000.00","6,781,093.00"
17/07/2025,"PIAPP, OWN BANK BACHA. A/C: 463*--***813, M/S SHAH POULTRY FEED AND MEDICINE. Trx.ID 2025071717-2-408953 OL 1",17/07/2025,,"150,000.00","6,931,093.00"
17/07/2025,"PIAPP, OWN BANK BOILAR CHICKS. A/C: 463*--***298, REKHA VETERINARY CORNER. Trx.ID 2025071717-2-409772 OL 1",17/07/2025,,"10,000.00","6,941,093.00"
17/07/2025,"2022-901-14440 M/S NISHAD TRAD, PARK ROAD BRANCH OL 1",17/07/2025,,"100,000.00","7,041,093.00"
17/07/2025,"PIAPP, OWN BANK MAA ENTERPRISE. A/C: 223*--***044, MAA ENTERPRISE. Trx.ID 2025071717-2-412981 OL 1",17/07/2025,,"10,000.00","7,051,093.00"
17/07/2025,"PIAPP, OWN BANK MASTER POULTRY FIRMS. A/C: 030*--***046, M/S MASTER POULTRY FIRMS. Trx.ID 2025071717-2-466517 OL 1",17/07/2025,,"133,900.00","7,184,993.00"
17/07/2025,"PIAPP, OWN BANK MASTER POULTRY. A/C: 030*--***626, MASTAR POULTRY FEED & CHICKS. Trx.ID 2025071717-2-479018 OL 1",17/07/2025,,"50,000.00","7,234,993.00"
17/07/2025,CR SND 1159 T 9,17/07/2025,"7,229,000.00",,"5,993.00"
17/07/2025,"PIAPP, OWN BANK AIDEL. A/C: 265*.*.*.*866, BISHMILLAH POULTRY CHICKS & FEED. Trx.ID 2025071717-2-526728 OL 1",17/07/2025,,"45,600.00","51,593.00"
17/07/2025,"PIAPP, OWN BANK BUSINESS. A/C: 469*.*.*-**956, M/S APON ENTERPRISE. Trx.ID 2025071717-2-529051 OL 1",17/07/2025,,"30,000.00","81,593.00"
17/07/2025,"PIAPP, OWN BANK TRANSFAR. A/C: 309*.*.*-**836, HASIN TRADERS. Trx.ID 2025071717-2-541648 OL 1",17/07/2025,,"1,700.00","83,293.00"
17/07/2025,"PIAPP, OWN BANK PAY. A/C: 060*.*.*.*034, M/S AWAL POULTRY & FISHERIES. Trx.ID 2025071717-2-552109 OL 1",17/07/2025,,"27,000.00","110,293.00"
17/07/2025,"PIAPP, OWN BANK BROILAR. A/C: 276*.*-*936, ETU ENTERPRISE. Trx.ID 2025071717-2-598597 OL 1",17/07/2025,,"32,000.00","142,293.00"
17/07/2025,"PIAPP, OWN BANK CHICK PURCHESS. A/C: 473*.*.*.*437, M/S HOWLADAR POULTRY FEEDS. Trx.ID 2025071717-2-644171 OL 1",17/07/2025,,"12,000.00","154,293.00"
17/07/2025,"PIAPP, OWN BANK CHICKS PAYMENT. A/C: 281*.*.*.*207, M/S AYMONA POULTRY FEED & CHICKS. Trx.ID 2025071717-2-682962 OL 1",17/07/2025,,"26,000.00","180,293.00"
17/07/2025,"PIAPP, OWN BANK LM 1030. A/C: 380*.*-*137, A. F. FISH FEED AND GOAT FIRM. Trx.ID 2025071717-2-707714 OL 1",17/07/2025,,"13,500.00","193,793.00"
19/07/2025,"PIAPP, OWN BANK CHICKS. A/C: 442*.*-*979, M/S SHAHED POULTRY FARM. Trx.ID 2025071918-2-16108 OL 1",19/07/2025,,"29,400.00","223,193.00"
19/07/2025,"PIAPP, OWN BANK ADNAN POULTRY. A/C: 118*.*.*.*611, MD. ABUL HUSSAIN. Trx.ID 2025071918-2-69307 OL 1",19/07/2025,,"24,000.00","247,193.00"
19/07/2025,"PIAPP, OWN BANK BUSINESS PARPUS. A/C: 438*.*.*.*761, M/S SIDDIQUEE TRADERS. Trx.ID 2025071918-2-197073 OL 1",19/07/2025,,"79,200.00","326,393.00"
19/07/2025,"PIAPP, OWN BANK BOILAR CHICKS. A/C: 463*.*-*298, REKHA VETERINARY CORNER. Trx.ID 2025071918-2-274045 OL 1",19/07/2025,,"20,000.00","346,393.00"
19/07/2025,"PIAPP, OWN BANK LAYER CHICKS. A/C: 463*.*-*298, REKHA VETERINARY CORNER. Trx.ID 2025071918-2-275369 OL 1",19/07/2025,,"10,000.00","356,393.00"
19/07/2025,"PIAPP, OWN BANK CHICK PAYMENT. A/C: 261*.*.*.*911, M/S SOTOTA POULTRY FEEDS. Trx.ID 2025071918-2-424853 OL 1",19/07/2025,,"60,000.00","416,393.00"
19/07/2025,"PIAPP, OWN BANK SAHAB. A/C: 104*.*-*683, M/S, ENAM TRADERS. Trx.ID 2025071919-2-549727 OL 1",19/07/2025,,"9,000.00","425,393.00"
19/07/2025,"PIAPP, OWN BANK ARIYAN POULTRY. A/C: 360*.*.*.*811, M/S ARIYAN AND ARABI POULTRY & FEED. Trx.ID 2025071919-2-621137",19/07/2025,,"19,840.00","445,233.00"
19/07/2025,INTERBANK FUND TRANSFER NRB COMMERCIAL BANK LIMITED 523432000000460 0,19/07/2025,,"50,000.00","495,233.00"
19/07/2025,"PIAPP, OWN BANK FOR CHICKS. A/C: 175*.*-*720, ANISHA POULTRY PRODUCT. Trx.ID 2025071919-2-665333 OL 1",19/07/2025,,"34,500.00","529,733.00"
19/07/2025,"PIAPP, OWN BANK MANIK. A/C: 196*.*.*889, GRAM BANGLA POULTRY FEED & FISH FEED. Trx.ID 2025071919-2-717872 OL 1",19/07/2025,,"36,480.00","566,213.00"
19/07/2025,ATM FUND TRANSFER 1016 MOHAMMAD FARUK UDDIN 606,19/07/2025,,"36,000.00","602,213.00"
19/07/2025,"PIAPP, OWN BANK THIRTY TWO HUNDRED. A/C: 372*.*-*000, BOSHRA POULTRY AND FISH FEED. Trx.ID 2025071919-2-741990 OL 1",19/07/2025,,"32,000.00","634,213.00"
19/07/2025,"PIAPP, OWN BANK ALOM42944. A/C: 372*.*-*576, MASRURA POULTRY FEED. Trx.ID 2025071919-2-742510 OL 1",19/07/2025,,"90,000.00","724,213.00"
19/07/2025,"PIAPP, OWN BANK CHICKS PAYMENT. A/C: 049*.*.*957, AL KARIM POULTRY PRODUCTS. Trx.ID 2025071919-2-750597 OL 1",19/07/2025,,"24,000.00","748,213.00"
19/07/2025,"PIAPP, OWN BANK TRANSFAR. A/C: 309*-***-***836, HASIN TRADERS. Trx.ID 2025071919-2-755499 OL 1",19/07/2025,,"56,000.00","804,213.00"
19/07/2025,"PIAPP, OWN BANK BUSINESS. A/C: 210*-******062, ABU NOMAN. Trx.ID 2025071919-2-762214 OL 1",19/07/2025,,"24,000.00","828,213.00"
19/07/2025,"PIAPP, OWN BANK AIDEL. A/C: 265*-***-***866,BISHMILLAH POULTRY CHICKS & FEED.Trx.ID 2025071919-2-812911 OL 1",19/07/2025,,"130,000.00","958,213.00"
19/07/2025,"PIAPP, OWN BANK DOC KHAG 009. A/C: 194****-**562, SHARIF POULTRY FEED CENTER.Trx.ID 2025071919-2-848249 OL 1",19/07/2025,,"200,000.00","1,158,213.00"
19/07/2025,"PIAPP, OWN BANK SAHAB. A/C: 104*-***-***683,M/S. ENAM TRADERS. Trx.ID 2025071919-2-858839 OL 1",19/07/2025,,"20,000.00","1,178,213.00"
19/07/2025,"PIAPP, OWN BANK KAZI FARMS LT. A/C: 072****-**646, AKHI POULTRY FEED & MEDICINE.Trx.ID 2025071919-2-885112 OL 1",19/07/2025,,"16,500.00","1,194,713.00"
19/07/2025,"PIAPP, OWN BANK COMI076. A/C: 484*-******930, HENA AGRO. Trx.ID 2025071919-2-916989 OL 1",19/07/2025,,"10,000.00","1,204,713.00"
19/07/2025,"PIAPP, OWN BANK CHICK PURCHESS. A/C:473*-***-**437, M/S HOWLADAR POULTRYFEEDS. Trx.ID 2025071919-2-938189 OL 1",19/07/2025,,"40,800.00","1,245,513.00"
19/07/2025,"PIAPP, OWN BANK CHICK PURCHESS. A/C:473*-***-**437, M/S HOWLADAR POULTRYFEEDS. Trx.ID 2025071919-2-939415 OL 1",19/07/2025,,"11,440.00","1,256,953.00"
20/07/2025,INTERBANK FUND TRANSFER ISLAMI BANKBANGLADESH LIMITED 20502520100123608 0,20/07/2025,,"5,760.00","1,262,713.00"
20/07/2025,"PIAPP, OWN BANK COCK. A/C: 276*-***-***936,ETU ENTERPRISE. Trx.ID 2025072020-2-132249OL 1",20/07/2025,,"42,000.00","1,304,713.00"
20/07/2025,"4924-909-0, MONIRAMPUR BRANCH OL 1",20/07/2025,,"20,000.00","1,324,713.00"
20/07/2025,"4630-901-7417 SHADHIN POULTRY, BELABOBRANCH OL 1",20/07/2025,,"50,000.00","1,374,713.00"
20/07/2025,"PIAPP, OWN BANK DDDDD. A/C: 487*-******036, MAISHA POULTRY FEED. Trx.ID2025072020-2-180962 OL 1",20/07/2025,,"60,000.00","1,434,713.00"
20/07/2025,"2791-901-38219 BANDARBAN POULT,BANDARBAN BRANCH OL 1",20/07/2025,,"40,000.00","1,474,713.00"
20/07/2025,"4240-901-819 RUPALI POULTRY, RAJARBAZAR BRANCH OL 1",20/07/2025,,"150,000.00","1,624,713.00"
20/07/2025,"1510-901-12866 SHITIL POULTRY,PARBOTIPUR BRANCH OL 1",20/07/2025,,"10,000.00","1,634,713.00"
20/07/2025,"4993-909-0, BSCIC BRANCH OL 1",20/07/2025,,"25,000.00","1,659,713.00"
20/07/2025,"4091-901-18297 M/S. ASA TRADER, NAVARANBAZAR BRANCH OL 1",20/07/2025,,"50,000.00","1,709,713.00"
20/07/2025,"4014-901-9573 M/S MRIDHA POUL, NALCITYBRANCH OL 1",20/07/2025,,"300,000.00","2,009,713.00"
20/07/2025,"3799-901-5301 M/S MOHONA POUL,BENAPOLE BRANCH OL 1",20/07/2025,,"100,000.00","2,109,713.00"
20/07/2025,"4370-909-0, ALAMDANGA BRANCH OL 1",20/07/2025,,"43,000.00","2,152,713.00"
20/07/2025,"PIAPP, OWN BANK BACHA. A/C: 463*-***-***813,M/S SHAH POULTRY FEED AND MEDICINE.Trx.ID 2025072020-2-213130 OL 1",20/07/2025,,"140,000.00","2,292,713.00"
20/07/2025,"4924-909-0, MONIRAMPUR BRANCH OL 1",20/07/2025,,"20,000.00","2,312,713.00"
20/07/2025,"RTGS INWARD FROM Islami Bank BD. PLC In Favor of M/s Bismillah Enterprise- MTR-458, Islami Bank Bangldesh Ltd. - Gopalganj Branch,",20/07/2025,,"100,000.00","2,412,713.00"
20/07/2025,"PIAPP, OWN BANK BUSINESS. A/C: 397*-**-**467, M/S J R POULTRY FARM. Trx.ID 2025072020-2-224284 OL 1",20/07/2025,,"13,000.00","2,425,713.00"
20/07/2025,"167-909-0, NILPHAMARI BRANCH (JULFIKER) OL 1",20/07/2025,,"10,000.00","2,435,713.00"
20/07/2025,"1008-901-10378 RAHI POULTRY FE, TAJPUR BRANCH (OL) OL 1",20/07/2025,,"32,640.00","2,468,353.00"
20/07/2025,"1491-909-0, BAGERHAT BRANCH OL 1",20/07/2025,,"290,000.00","2,758,353.00"
20/07/2025,INTERBANK FUND TRANSFER NRB COMMERCIAL BANK LIMITED 51123300003209 0,20/07/2025,,"50,000.00","2,808,353.00"
20/07/2025,"4014-909-0, NALCITY BRANCH (ABDULLAH) OL 1",20/07/2025,,"80,000.00","2,888,353.00"
20/07/2025,"443-102-746 M/S MOHESHKHALI, MOHESHKHALI BRANCH (SND-746) OL 1",20/07/2025,,"22,400.00","2,910,753.00"
20/07/2025,INTERBANK FUND TRANSFER IFIC BANK LIMITED 4169492035001 0,20/07/2025,,"40,000.00","2,950,753.00"
20/07/2025,"2247-901-3709 JILANI POUTRY F, NANUPUR BRANCH OL 1",20/07/2025,,"15,000.00","2,965,753.00"
20/07/2025,"374-901-57576 DAS POULTRY COR, BARISAL BRANCH OL 1",20/07/2025,,"44,000.00","3,009,753.00"
20/07/2025,"626-901-30855 LOKNATH POULTRY, SREEMONGAL BRANCH OL 1",20/07/2025,,"20,000.00","3,029,753.00"
20/07/2025,"1051-102-483 M/S JANONI POUL, RAJAPUR BRANCH (CR FROM 1051102000483) OL 1",20/07/2025,,"47,700.00","3,077,453.00"
20/07/2025,"1181-901-15460 FULECHA POULTR, NABIGONJ BRANCH OL 1",20/07/2025,,"19,200.00","3,096,653.00"
20/07/2025,"2654-999-0, MOULVIBAZAR (ISLAMIC) BRANCH 939-901-41774 KAZI FARMS LIMI OL 2461925",20/07/2025,,"250,000.00","3,346,653.00"
20/07/2025,"PIAPP, OWN BANK PARVEZ POULTRY AND FISH FEED. A/C: 147*-**-**681, M/S PARVEZ POULTRY AND FISH FEED. Trx.ID 2025072020-",20/07/2025,,"10,000.00","3,356,653.00"
20/07/2025,"4006-909-0, DEBIDWAR BRANCH OL 1",20/07/2025,,"56,000.00","3,412,653.00"
20/07/2025,"4006-909-0, DEBIDWAR BRANCH OL 1",20/07/2025,,"52,500.00","3,465,153.00"
20/07/2025,"PIAPP, OWN BANK ADNAN POULTRY. A/C: 118*-**-**611, MD. ABUL HUSSAIN. Trx.ID 2025072020-2-275593 OL 1",20/07/2025,,"83,200.00","3,548,353.00"
20/07/2025,"3669-909-0, NOAPARA BAZAR BRANCH (IQBAL) OL 1",20/07/2025,,"7,980.00","3,556,333.00"
20/07/2025,"1215-901-36917 M/S MAYMUNA TRA, BHOLA BRANCH OL 1",20/07/2025,,"25,440.00","3,581,773.00"
20/07/2025,"1979-901-14929 M/S RAJU POULTR, NAZIRHAT BRANCH (RAJU POULTRY COMPLEX CD-14929) OL 1",20/07/2025,,"30,080.00","3,611,853.00"
20/07/2025,"2412-901-32555 M/S FORHAD TRAD, DAULATPUR BRANCH OL 1",20/07/2025,,"30,000.00","3,641,853.00"
20/07/2025,"2308-901-3220 ANWAR POULTRY A, CHHAGALNAIYA BRANCH OL 1",20/07/2025,,"550,000.00","4,191,853.00"
20/07/2025,"1422-901-16087 AKBAR ENTERPRIS, MEAH BAZAR BRANCH OL 1",20/07/2025,,"8,500.00","4,200,353.00"
20/07/2025,"2263-901-14122 SARMI POULTRY F, SARATGONJ BRANCH OL 1",20/07/2025,,"40,000.00","4,240,353.00"
20/07/2025,"3582-901-3444 MINA ENTERPRISE, GOLAPGONJ BRANCH OL 1",20/07/2025,,"50,000.00","4,290,353.00"
20/07/2025,"PIAPP, OWN BANK BUSINESS. A/C: 118*--***-**686, MUMIN POULTRY FIRM. Trx.ID 2025072020-2-307701 OL 1",20/07/2025,,"22,000.00","4,312,353.00"
20/07/2025,"PIAPP, OWN BANK BUSINESS. A/C: 149*--***-**010, M/S NURUL TRADERS. Trx.ID 2025072020-2-308278 OL 1",20/07/2025,,"15,000.00","4,327,353.00"
20/07/2025,"PIAPP, OWN BANK CHICK. A/C: 037*--***-**509, M/S AKON TRADERS. Trx.ID 2025072020-2-315323 OL 1",20/07/2025,,"40,000.00","4,367,353.00"
20/07/2025,"2576-901-14798 SIKDER POULTRY, NAYERGAON BAZAR BRANCH OL 1",20/07/2025,,"24,000.00","4,391,353.00"
20/07/2025,"2178-901-17240 M/S AWUL POULTR, THAKURGAON ROAD BRANCH OL 1",20/07/2025,,"50,000.00","4,441,353.00"
20/07/2025,INTERBANK FUND TRANSFER ISLAMI BANK BANGLADESH LIMITED 20503930200076117 0,20/07/2025,,"32,400.00","4,473,753.00"
20/07/2025,"3590-901-5811 SYLHET POULTRY, KADAMTALI BRANCH OL 1",20/07/2025,,"40,000.00","4,513,753.00"
20/07/2025,"PIAPP, OWN BANK BUSINESS. A/C: 349*--***-**924, OZIBA POULTRY CHIKS & FEED. Trx.ID 2025072020-2-326236 OL 1",20/07/2025,,"30,000.00","4,543,753.00"
20/07/2025,"3582-909-0, GOLAPGONJ BRANCH OL 1",20/07/2025,,"8,300.00","4,552,053.00"
20/07/2025,"3972-901-5360 M/S ASHA POULTR, DHAKA DAKSHIN BRANCH OL 1",20/07/2025,,"35,000.00","4,587,053.00"
20/07/2025,"PIAPP, OWN BANK HABIB VARIETIES STO. A/C: 102*--***-**515, HABIB VARIETIES STORE. Trx.ID 2025072020-2-329686 OL 1",20/07/2025,,"10,000.00","4,597,053.00"
20/07/2025,"4725-901-7810 M/S FAHAD POULT, RAIPURA BRANCH OL 1",20/07/2025,,"16,500.00","4,613,553.00"
20/07/2025,"4985-901-2093 M/S ANNYE ENTER, BHULTA BRANCH OL 1",20/07/2025,,"11,500.00","4,625,053.00"
20/07/2025,"1138-901-23943 M/S MA-MONI POU, KALAIYA BANDAR BRANCH (01753645732) OL 1",20/07/2025,,"30,000.00","4,655,053.00"
20/07/2025,"4630-901-6700 M/S FARHAN POUL, BELABO BRANCH OL 1",20/07/2025,,"100,000.00","4,755,053.00"
20/07/2025,"PIAPP, OWN BANK MANIK. A/C: 196*--***-**889, GRAM BANGLA POULTRY FEED & FISH FEED. Trx.ID 2025072020-2-337978 OL 1",20/07/2025,,"23,840.00","4,778,893.00"
20/07/2025,"PIAPP, OWN BANK DIM GOR. A/C: 516*--***-**538, M/S LALMOHAN DIM GHOR. Trx.ID 2025072020-2-339511 OL 1",20/07/2025,,"190,000.00","4,968,893.00"
20/07/2025,"748-901-12155 M/S FRESH CHICK, KASHIMPUR BRANCH OL 1",20/07/2025,,"2,000,000.00","6,968,893.00"
20/07/2025,"1181-901-15800 M/S PROTYASHA P, NABIGONJ BRANCH OL 1",20/07/2025,,"50,000.00","7,018,893.00"
20/07/2025,"3616-901-16257 RIFAT POULTRY F, CHOWMUHANA BRANCH OL 1",20/07/2025,,"10,000.00","7,028,893.00"
20/07/2025,"122-901-31324 M/S SAFA TRADER, ISHURDI BRANCH OL 1",20/07/2025,,"170,000.00","7,198,893.00"
20/07/2025,"756-901-42585 M/S SIRAJ TRADE, RANGAMATI BRANCH OL 1",20/07/2025,,"110,000.00","7,308,893.00"
20/07/2025,"4449-901-9564 SHARIF DAIRY AN, MULADI BRANCH OL 1",20/07/2025,,"100,000.00","7,408,893.00"
20/07/2025,"3356-901-17214 VASHANI STORE, PADUAR BAZAR BRANCH OL 1",20/07/2025,,"20,000.00","7,428,893.00"
20/07/2025,"4075-901-4303 M/S RAHIM ENTER, NANDINA BAZAR BRANCH OL 1",20/07/2025,,"30,000.00","7,458,893.00"
20/07/2025,"PIAPP, OWN BANK BOILAR CHICKS. A/C: 463*-**-**298, REKHA VETERINARY CORNER. Trx.ID 2025072020-2-358836 OL 1",20/07/2025,,"100,000.00","7,558,893.00"
20/07/2025,"2239-901-17044 MAA ENTERPRISE, TEBUNIA BRANCH OL 1",20/07/2025,,"43,000.00","7,601,893.00"
20/07/2025,"642-909-0, KHATUNGONJ BRANCH (ANOWER) OL 1",20/07/2025,,"4,400,000.00","12,001,893.00"
20/07/2025,"PIAPP, OWN BANK APPLE, A/C: 148*-**-**744, ABDULLAH POULTY. Trx.ID 2025072020-2-390315 OL 1",20/07/2025,,"16,800.00","12,018,693.00"
20/07/2025,"PIAPP, OWN BANK BOILER FEED. A/C: 380*-**-**137, A. F. FISH FEED AND GOAT FIRM. Trx.ID 2025072020-2-391047 OL 1",20/07/2025,,"170,500.00","12,189,193.00"
20/07/2025,"PIAPP, OWN BANK BUSINESS. A/C: 196*-**-**964, BILLAL HOSSAIN. Trx.ID 2025072020-2-394771 OL 1",20/07/2025,,"30,000.00","12,219,193.00"
20/07/2025,"PIAPP, OWN BANK MANIK. A/C: 196*-**-**889, GRAM BANGLA POULTRY FEED & FISH FEED. Trx.ID 2025072020-2-405868 OL 1",20/07/2025,,"10,000.00","12,229,193.00"
20/07/2025,"PIAPP, OWN BANK SAHAB. A/C: 104*-**-**683, M/S. ENAM TRADERS. Trx.ID 2025072020-2-403445 OL 1",20/07/2025,,"40,000.00","12,269,193.00"
20/07/2025,"PIAPP, OWN BANK CHICKS PAYMENT. A/C: 281*-**-**207, M/S AYMONA POULTRY FEED & CHICKS. Trx.ID 2025072020-2-405868 OL 1",20/07/2025,,"17,600.00","12,286,793.00"
20/07/2025,"PIAPP, OWN BANK ENAYET POULTRY FARM. A/C: 214*-**-**921, M/S ENAET POULTRY FARM. Trx.ID 2025072020-2-413498 OL 1",20/07/2025,,"15,300.00","12,302,093.00"
20/07/2025,"PIAPP, OWN BANK EIGHTEEN HUNDRED. A/C: 372*-**-**000, BOSHRA POULTRY AND FISH FEED. Trx.ID 2025072020-2-432409 OL 1",20/07/2025,,"18,000.00","12,320,093.00"
20/07/2025,CR SND 1159 T 11,20/07/2025,"12,315,000.00",,"5,093.00"
20/07/2025,"PIAPP, OWN BANK ALOM42944. A/C: 372*-**-**576, MASRURA POULTRY FEED. Trx.ID 2025072020-2-450335 OL 1",20/07/2025,,"108,000.00","113,093.00"
20/07/2025,"PIAPP, OWN BANK OJUD MIAH. A/C: 442*-**-**859, M/S BHAI BHAI POULTRY COMPLEX. Trx.ID 2025072020-2-475945 OL 1",20/07/2025,,"8,000.00","121,093.00"
20/07/2025,"PIAPP, OWN BANK COMI076. A/C: 484*-**-**930, HENA AGRO. Trx.ID 2025072020-2-580617 OL 1",20/07/2025,,"13,600.00","134,693.00"
20/07/2025,"PIAPP, OWN BANK BISNES. A/C: 202*-**-**245, MS PAMEL TRADERS. Trx.ID 2025072020-2-587377 OL 1",20/07/2025,,"10,400.00","145,093.00"
20/07/2025,"PIAPP, OWN BANK CHICKS PAYMENT. A/C: 169*-**-**716, M/S ALAK TRADERS. Trx.ID 2025072020-2-639648 OL 1",20/07/2025,,"14,400.00","159,493.00"
20/07/2025,"PIAPP, OWN BANK LM 400 16. A/C: 380*-**-**137, A. F. FISH FEED AND GOAT FIRM. Trx.ID 2025072020-2-642525 OL 1",20/07/2025,,"6,400.00","165,893.00"
21/07/2025,"PIAPP, OWN BANK KAZI CHICK. A/C: 477*-**-**266, M/S SURAIYA POULTRY FIRM. Trx.ID 2025072121-2-16429 OL 1",21/07/2025,,"300,000.00","465,893.00"
21/07/2025,"2600-901-15730 SOHEL POULTRY, LOHAGARA BRANCH (FROM CD-15730) OL 1",21/07/2025,,"1,200,000.00","1,665,893.00"
21/07/2025,"4924-909-0, MONIRAMPUR BRANCH OL 1",21/07/2025,,"20,000.00","1,685,893.00"
21/07/2025,"EFT - EXPORT IMPORT BANK O, PAYMENT, COMP. - NOTAPPLICABLE TRXID.: 20250721-8-149626 EFTN 1",21/07/2025,,"100,000.00","1,785,893.00"
21/07/2025,"PIAPP, OWN BANK SABUJ KANTI CHOWDHURY. A/C: 049*-***-***871, M/S SHUVRO ENTERPRISE. Trx.ID 2025072121-2-",21/07/2025,,"24,800.00","1,810,693.00"
21/07/2025,4924-901-12060 ALIF POULTRY & MONIRAMPUR BRANCH (CD-12060) OL 1,21/07/2025,,"50,000.00","1,860,693.00"
21/07/2025,"4725-102-85 M/S RONGDHANU P, RAIPURA BRANCH OL 1",21/07/2025,,"200,000.00","2,060,693.00"
21/07/2025,"3556-901-1940 DHAKA BREEDERS & HATCHERY, PRINCIPAL (ISLAMIC) BRANCH 939-901-41774 KAZI FARMS LIMI OL 1",21/07/2025,,"2,500,000.00","4,560,693.00"
21/07/2025,"2531-901-5700 BATEN POULTRY, ADAMPUR BAZAR BRANCH (CD-5700) OL 1",21/07/2025,,"128,000.00","4,688,693.00"
21/07/2025,"2401-909-0, MEHENDIGONJ BRANCH OL 1",21/07/2025,,"100,000.00","4,788,693.00"
21/07/2025,"PIAPP, OWN BANK NIJAM. A/C: 192*-***-***434, JANNAT PULTRY FEED & CHICKS CENTER. Trx.ID 2025072121-2-237224 OL 1",21/07/2025,,"30,000.00","4,818,693.00"
21/07/2025,"3823-901-7322 RUSHNA ENTERPRI, ROBIR BAZAR BRANCH (CD-7322) OL 1",21/07/2025,,"20,800.00","4,839,493.00"
21/07/2025,"504-901-20145 M/S EMU TRADERS, JAMALGONJ BRANCH OL 1",21/07/2025,,"10,400.00","4,849,893.00"
21/07/2025,"PIAPP, OWN BANK DDDDD. A/C: 487*-***-***036, MAISHA POULTRY FEED. Trx.ID 2025072121-2-273826 OL 1",21/07/2025,,"33,000.00","4,882,893.00"
21/07/2025,INTERBANK FUND TRANSFER NRB COMMERCIAL BANK LIMITED 511233300003209 0,21/07/2025,,"50,000.00","4,932,893.00"
21/07/2025,"1051-102-483 M/S JANONI POUL, RAJAPUR BRANCH (KAWKHALI (1051102000483)) OL 1",21/07/2025,,"57,600.00","4,990,493.00"
21/07/2025,INTERBANK FUND TRANSFER ISLAMI BANK BANGLADESH LIMITED 20507776707058911 0,21/07/2025,,"9,600.00","5,000,093.00"
21/07/2025,"PIAPP, OWN BANK MDANU. A/C: 352*-***-***197, M/S HALIMA POULTRY PRODUCT. Trx.ID 2025072121-2-290237 OL 1",21/07/2025,,"15,000.00","5,015,093.00"
21/07/2025,"1621-901-37211 TAJIM ENTERPRIS, NETROKONA BRANCH OL 1",21/07/2025,,"45,000.00","5,060,093.00"
21/07/2025,INTERBANK FUND TRANSFER ISLAMI BANK BANGLADESH LIMITED 20500040100054909 0,21/07/2025,,"17,000.00","5,077,093.00"
21/07/2025,"PIAPP, OWN BANK BUSINESS. A/C: 149*-***-***010, M/S NURUL TRADERS. Trx.ID 2025072121-2-305783 OL 1",21/07/2025,,"10,000.00","5,087,093.00"
21/07/2025,"2340-901-9721 MAKKA MADINA AG, MADUNAGHAT BRANCH OL 1",21/07/2025,,"200,000.00","5,287,093.00"
21/07/2025,"160-901-974 MS HOQUE ENTERPRISE, COMILLA (ISLAMIC) BRANCH 939-901-41774 KAZI FARMS LIMI OL 1",21/07/2025,,"100,000.00","5,387,093.00"
21/07/2025,"PIAPP, OWN BANK MANIK. A/C: 196*-***-***889, GRAM BANGLA POULTRY FEED & FISH FEED. Trx.ID 2025072121-2-320935 OL 1",21/07/2025,,"58,000.00","5,445,093.00"
21/07/2025,"2454-901-30474 CHARBARIA POULT, BAZAR ROAD BRANCH OL 1",21/07/2025,,"18,000.00","5,463,093.00"
21/07/2025,939-901-41774 KAZI FARMS LIMI OL 1,21/07/2025,,"18,720.00","5,481,813.00"
21/07/2025,939-901-41774 KAZI FARMS LIMI OL 1,21/07/2025,,"70,000.00","5,551,813.00"
21/07/2025,"2178-909-0, THAKURGAON ROAD BRANCH OL 1",21/07/2025,,"20,000.00","5,571,813.00"
21/07/2025,"PIAPP, OWN BANK BUSINESS. A/C: 494*-***-***134, M/S SAIRA ENTERPRISE. Trx.ID 2025072121-2-338989 OL 1",21/07/2025,,"50,000.00","5,621,813.00"
21/07/2025,"PIAPP, OWN BANK CHICKS PAYMENT. A/C: 201*-***,***256, M/S TAHSIN POULTRY FEED AND MEDICINE. Trx.ID 2025072121-2-339388",21/07/2025,,"61,200.00","5,683,013.00"
21/07/2025,"PIAPP, OWN BANK MOU 33. A/C: 447*-***-***201, BROTHERS POULTRY. Trx.ID 2025072121-2-340115 OL 1",21/07/2025,,"60,000.00","5,743,013.00"
21/07/2025,"PIAPP, OWN BANK BROILER 4000. A/C: 348*-***-***329, RUPOSHI AGRO FARM. Trx.ID 2025072121-2-340183 OL 1",21/07/2025,,"64,000.00","5,807,013.00"
21/07/2025,"1632-901-24963 ORBIT ENTERPRIS, RAJBARI BRANCH OL 1",21/07/2025,,"200,000.00","6,007,013.00"
21/07/2025,"1016-909-0, UKHIYA BRANCH (A GAFUR) OL 1",21/07/2025,,"150,000.00","6,157,013.00"
21/07/2025,"3823-901-6737 AYESHA POULTRY, ROBIR BAZAR BRANCH (CD-6737) OL 1",21/07/2025,,"8,000.00","6,165,013.00"
21/07/2025,"PIAPP, OWN BANK BUSINESS. A/C: 142*-***-***405, M/S FEED CENTER. Trx.ID 2025072121-2-352003 OL 1",21/07/2025,,"22,000.00","6,187,013.00"
21/07/2025,"4725-901-7810 M/S FAHAD POULT, RAIPURA BRANCH OL 1",21/07/2025,,"17,600.00","6,204,613.00"
21/07/2025,"2178-901-17240 M/S AWUL POULTR, THAKURGAON ROAD BRANCH OL 1",21/07/2025,,"55,000.00","6,259,613.00"
21/07/2025,"PIAPP, OWN BANK BUSINESS. A/C: 349*-***-***924, OZIBA POULTRY CHIKS & FEED. Trx.ID 2025072121-2-355936 OL 1",21/07/2025,,"40,000.00","6,299,613.00"
21/07/2025,"PIAPP, OWN BANK NEW NOOR KHULNA. A/C: 285*-***,***023, NEW NOOR POULTRY & FISH FEED COMPLEX. Trx.ID 2025072121-2-357058",21/07/2025,,"10,800.00","6,310,413.00"
21/07/2025,"520-901-25979 M/S NAZMIN POUL, CHHATAK BRANCH OL 1",21/07/2025,,"18,000.00","6,328,413.00"
21/07/2025,"4197-901-1785 M/S KALLANY AGR, SITAKUNDA SME BRANCH OL 1",21/07/2025,,"20,000.00","6,348,413.00"
21/07/2025,"4518-901-15577 M/S BISWAS POUL, CHUKNAGAR(RURAL BRANCH OL 1",21/07/2025,,"150,000.00","6,498,413.00"
21/07/2025,"PIAPP, OWN BANK BUSINESS. A/C: 469*-***-***956, M/S APON ENTERPRISE. Trx.ID 2025072121-2-362177 OL 1",21/07/2025,,"35,000.00","6,533,413.00"
21/07/2025,"PIAPP, OWN BANK BUSINESS PROPUSE. A/C: 275*-***,***598, M/S ROKIB BROTHERS AND MISRO FARM. Trx.ID 2025072121-2-362722 OL 1",21/07/2025,,"14,500.00","6,547,913.00"
21/07/2025,"PIAPP, OWN BANK A. A/C: 528*-***,***393, M/S SAGOR POULTRY FEED. Trx.ID 2025072121-2-362876 OL 1",21/07/2025,,"30,000.00","6,577,913.00"
21/07/2025,"3616-901-16257 RIFAT POULTRY F, CHOWMUHANA BRANCH OL 1",21/07/2025,,"70,000.00","6,647,913.00"
21/07/2025,"PIAPP, OWN BANK BUSNIESS. A/C: 107*-***-***330, M/S SEBA POULTRY FEED & MEDICINE ZONE. Trx.ID 2025072121-2-374840 OL 1",21/07/2025,,"120,000.00","6,767,913.00"
21/07/2025,"4431-909-0, PATKELGHATA (RU BRANCH OL 1",21/07/2025,,"20,000.00","6,787,913.00"
21/07/2025,"3590-901-11533 SHUVECCHA POULT, KADAMTALI BRANCH OL 1",21/07/2025,,"4,800.00","6,792,713.00"
21/07/2025,"PIAPP, OWN BANK HABIB VARIETIES STO. A/C: 102*--**515, HABIB VARIETIES STORE. Trx.ID 2025072121-2-392543 OL 1",21/07/2025,,"25,000.00","6,817,713.00"
21/07/2025,"PIAPP, OWN BANK BUSINESS. A/C: 495*--**387, MD KHALILUR RAHMAN. Trx.ID 2025072121-2-395249 OL 1",21/07/2025,,"18,000.00","6,835,713.00"
21/07/2025,"1674-909-0, BABUGONJ BRANCH OL 1",21/07/2025,,"16,000.00","6,851,713.00"
21/07/2025,"3590-901-5811 SYLHET POULTRY, KADAMTALI BRANCH OL 1",21/07/2025,,"30,000.00","6,881,713.00"
21/07/2025,"2852-901-44011 M/S SIFAT ENTER, SHAIKHPARA BAZA BRANCH OL 1",21/07/2025,,"500,000.00","7,381,713.00"
21/07/2025,"PIAPP, OWN BANK CKESS. A/C: 018*--**291, BROTHERS ENTERPRISE. Trx.ID 2025072121-2-398781 OL 1",21/07/2025,,"50,000.00","7,431,713.00"
21/07/2025,"4518-901-12024 HASANIA ENTERPR, CHUKNAGAR(RURAL BRANCH OL 1",21/07/2025,,"50,000.00","7,481,713.00"
21/07/2025,"PIAPP, OWN BANK BOILAR CHICKS. A/C: 463*--**298, REKHA VETERINARY CORNER. Trx.ID 2025072121-2-409100 OL 1",21/07/2025,,"95,000.00","7,576,713.00"
21/07/2025,"PIAPP, OWN BANK LAYER CHICKS. A/C: 463*--**298, REKHA VETERINARY CORNER. Trx.ID 2025072121-2-410748 OL 1",21/07/2025,,"15,000.00","7,591,713.00"
21/07/2025,"PIAPP, OWN BANK BUSINESS. A/C: 280*--**098, M/S BHOR BAZAR POULTRY CENTER. Trx.ID 2025072121-2-411150 OL 1",21/07/2025,,"16,000.00","7,607,713.00"
21/07/2025,"2412-901-32555 M/S FORHAD TRAD, DAULATPUR BRANCH OL 1",21/07/2025,,"41,400.00","7,649,113.00"
21/07/2025,"1640-901-65064 M/S FRIENDS POU, KISHOREGONJ BRANCH OL 1",21/07/2025,,"100,000.00","7,749,113.00"
21/07/2025,"1640-901-65064 M/S FRIENDS POU, KISHOREGONJ BRANCH OL 1",21/07/2025,,"35,000.00","7,784,113.00"
21/07/2025,"PIAPP, OWN BANK SIRAJ. A/C: 272*--**770, M/S SIRAJ POULTRY FEED CHICKS AND MEDICINE CENTER. Trx.ID 2025072121-2-",21/07/2025,,"20,000.00","7,804,113.00"
21/07/2025,"PIAPP, OWN BANK BUSINES, A/C: 358*--**531, LUKMAN CHICKS AND FEED LTD. Trx.ID 2025072121-2-454155 OL 1",21/07/2025,,"9,600.00","7,813,713.00"
21/07/2025,"PIAPP, OWN BANK BHAI BHAI. A/C: 245*--**740, NEW BHAI BHAI ENTERPRISE. Trx.ID 2025072121-2-466764 OL 1",21/07/2025,,"78,000.00","7,891,713.00"
21/07/2025,"PIAPP, OWN BANK ALOM42944. A/C: 372*--**576, MASRURA POULTRY FEED. Trx.ID 2025072121-2-476490 OL 1",21/07/2025,,"125,000.00","8,016,713.00"
21/07/2025,CR SND 1159 T 11,21/07/2025,"8,011,000.00",,"5,713.00"
21/07/2025,"EFT - ISLAMI BANK BANGLADE, IBANKING, COMP. - NOTAPPLICABLE TRXID.: 20250721-8-493451 EFTN 1",21/07/2025,,"160,000.00","165,713.00"
21/07/2025,"PIAPP, OWN BANK ADNAN POULTRY. A/C: 118*--**611, MD. ABUL HUSSAIN. Trx.ID 2025072121-2-506655 OL 1",21/07/2025,,"64,000.00","229,713.00"
21/07/2025,"PIAPP, OWN BANK APPLE. A/C: 148*--**744, ABDULLAH POULTY. Trx.ID 2025072121-2-527736 OL 1",21/07/2025,,"8,400.00","238,113.00"
21/07/2025,"PIAPP, OWN BANK SABUJ KANTI CHOWDHURY. A/C: 049*--**871, M/S SHUVRO ENTERPRISE. Trx.ID 2025072121-2-",21/07/2025,,"16,960.00","255,073.00"
21/07/2025,"PIAPP, OWN BANK BACHA. A/C: 463*--**813, M/S SHAH POULTRY FEED AND MEDICINE. Trx.ID 2025072121-2-547598 OL 1",21/07/2025,,"200,000.00","455,073.00"
21/07/2025,"PIAPP, OWN BANK CHICKS PAYMENT. A/C: 281*--**207, M/S AYMONA POULTRY FEED & CHICKS. Trx.ID 2025072121-2-550571 OL 1",21/07/2025,,"30,000.00","485,073.00"
21/07/2025,"PIAPP, OWN BANK ARIYAN POULTRY. A/C: 360""-""""""811, M/S ARIYAN AND ARABI POULTRY & FEED. Trx.ID 2025072121-2-555127",21/07/2025,,"16,000.00","501,073.00"
21/07/2025,"PIAPP, OWN BANK BUSINESS. A/C: 495""-""""""358, M/S LOVANA POULTRY FEED. Trx.ID 2025072121-2-569694 OL 1",21/07/2025,,"17,160.00","518,233.00"
21/07/2025,"PIAPP, OWN BANK JAHIDUR RAHMAN RINKU. A/C: 221""-""""""747, M/S D. M. TRADERS. Trx.ID 2025072121-2-581207 OL 1",21/07/2025,,"20,000.00","538,233.00"
21/07/2025,"PIAPP, OWN BANK MAWA. A/C: 406""-""""""884, M/S MAWA POULTRY CHICKS & FEED CENTRE. Trx.ID 2025072121-2-682570 OL 1",21/07/2025,,"20,000.00","558,233.00"
22/07/2025,"PIAPP, OWN BANK KAZI FARMS LTD. A/C: 174""-""""""047, AKBAR ENTERPRISE. Trx.ID 2025072222-2-84593 OL 1",22/07/2025,,"13,000.00","571,233.00"
22/07/2025,"451-909-0, BRAHMANBARIA BRANCH OL 1",22/07/2025,,"11,520.00","582,753.00"
22/07/2025,"4014-909-0, NALCITY BRANCH OL 1",22/07/2025,,"48,000.00","630,753.00"
22/07/2025,"PIAPP, OWN BANK MS PARVEZ POULTRY AND FISH FEED. A/C: 147""-""""""681, M/S PARVEZ POULTRY AND FISH FEED. Trx.ID 2025072222-",22/07/2025,,"32,400.00","663,153.00"
22/07/2025,ATM FUND TRANSFER 2767 IMRAN ENTERPRISE 5940,22/07/2025,,"16,000.00","679,153.00"
22/07/2025,"PIAPP, OWN BANK DDDDD. A/C: 487""-""""""036, MAISHA POULTRY FEED. Trx.ID 2025072222-2-164103 OL 1",22/07/2025,,"40,000.00","719,153.00"
22/07/2025,"PIAPP, OWN BANK ANOWAR POULTRY CHHAGALNIYA. A/C: 230""-""""""220, ANWAR POULTRY AND FEEDS COMPLEX. Trx.ID",22/07/2025,,"100,000.00","819,153.00"
22/07/2025,"PIAPP, OWN BANK ARIYAN POULTRY. A/C: 360""-""""""811, M/S ARIYAN AND ARABI POULTRY & FEED. Trx.ID 2025072222-2-192879",22/07/2025,,"11,000.00","830,153.00"
22/07/2025,"4847-902-116 M/S MOFIZ FISH, CHANDINA BRANCH OL 1",22/07/2025,,"50,000.00","880,153.00"
22/07/2025,"1406-901-12901 M/S ORIN TRADER, GOALABAZAR BRANCH OL 1",22/07/2025,,"200,000.00","1,080,153.00"
22/07/2025,"2913-901-13438 M/S ARAF ENTERP, DHALAGAON BRANCH (M/S ARAF ENTERPRISE 2913901013438) OL 1",22/07/2025,,"22,950.00","1,103,103.00"
22/07/2025,"4240-901-819 RUPALI POULTRY, RAJAR BAZAR BRANCH OL 1",22/07/2025,,"150,000.00","1,253,103.00"
22/07/2025,"2385-909-0, KHALISHPUR BRANCH (CHINMOY) OL 1",22/07/2025,,"30,000.00","1,283,103.00"
22/07/2025,"2133-909-0, MADABPASHA BRANCH OL 1",22/07/2025,,"100,000.00","1,383,103.00"
22/07/2025,"860-901-48176 M/S AKON POULTR, PATUAKHALI BRANCH OL 1",22/07/2025,,"100,000.00","1,483,103.00"
22/07/2025,"INTERBANK FUND TRANSFER ISLAMI BANK BANGLADESH LIMITED 205044""""""6618 0",22/07/2025,,"18,000.00","1,501,103.00"
22/07/2025,4924-901-12060 ALIF POULTRY & MONIRAMPUR BRANCH (CD-12060) OL 1,22/07/2025,,"40,000.00","1,541,103.00"
22/07/2025,"833-909-0, LAKSHMIPUR BRANCH (MD MILON) OL 1",22/07/2025,,"110,000.00","1,651,103.00"
22/07/2025,"4951-901-894 M/S ATIQUE POUL, FULBARIA BRANCH OL 1",22/07/2025,,"31,680.00","1,682,783.00"
22/07/2025,"4083-901-3126 MODINA POULTRY, JOGIDAHAR BRANCH OL 1",22/07/2025,,"20,000.00","1,702,783.00"
22/07/2025,"PIAPP, OWN BANK BUSINESS. A/C: 118*-***-***476, SHIHAB POULTRY FARM. Trx.ID2025072222-2-274069 OL 1",22/07/2025,,"30,000.00","1,732,783.00"
22/07/2025,"PIAPP, OWN BANK ADNAN POULTRY. A/C:118*-***-**611, MD. ABUL HUSSAIN. Trx.ID2025072222-2-278853 OL 1",22/07/2025,,"68,000.00","1,800,783.00"
22/07/2025,"3590-901-5811 SYLHET POULTRY, KADAMTALIBRANCH OL 1",22/07/2025,,"35,000.00","1,835,783.00"
22/07/2025,"4412-901-15706 EMON POULTRY, BAROIYARHAT BRANCH OL 1",22/07/2025,,"200,000.00","2,035,783.00"
22/07/2025,"PIAPP, OWN BANK RAFSUN POULTRYARAIHAZAR. A/C: 171*-***-**717, M/S RAFSUNPOULTRY & MEDICINE. Trx.ID 2025072222-2-",22/07/2025,,"17,000.00","2,052,783.00"
22/07/2025,"2263-901-14122 SARMI POULTRY F,SARATGONJ BRANCH OL 1",22/07/2025,,"100,000.00","2,152,783.00"
22/07/2025,"PIAPP, OWN BANK CHICKS. A/C: 118*-***-***776, ANIK POULTRY FEED & CHICKS. Trx.ID2025072222-2-291908 OL 1",22/07/2025,,"57,600.00","2,210,383.00"
22/07/2025,"626-901-30855 LOKNATH POULTRY,SREEMONGAL BRANCH OL 1",22/07/2025,,"25,000.00","2,235,383.00"
22/07/2025,"3112-901-33874 M/S TUHIN POULT, FULBARIBRANCH (FUND TRANSFER) OL 1",22/07/2025,,"41,000.00","2,276,383.00"
22/07/2025,"2454-909-0, BAZAR ROAD BRANCH (NAYEM)OL 1",22/07/2025,,"40,000.00","2,316,383.00"
22/07/2025,"4518-901-15577 M/S BISWAS POUL,CHUKNAGAR(RURAL BRANCH OL 1",22/07/2025,,"180,000.00","2,496,383.00"
22/07/2025,"PIAPP, OWN BANK PAY. A/C: 060*-***-***034,M/S AWAL POULTRY & FISHERIES. Trx.ID2025072222-2-300473 OL 1",22/07/2025,,"20,400.00","2,516,783.00"
22/07/2025,"PIAPP, OWN BANK BACHA. A/C: 463*-***-**813,M/S SHAH POULTRY FEED AND MEDICINE.Trx.ID 2025072222-2-304820 OL 1",22/07/2025,,"36,000.00","2,552,783.00"
22/07/2025,"4171-901-6526 M/S EASIN ENTER, MATHBARIABRANCH (CD-6526) OL 1",22/07/2025,,"14,000.00","2,566,783.00"
22/07/2025,"2412-901-32555 M/S FORHAD TRAD,DAULATPUR BRANCH OL 1",22/07/2025,,"44,000.00","2,610,783.00"
22/07/2025,"PIAPP, OWN BANK KAZI FIRMS, A/C: 335*-***-***230, TASMIN POULTRY. Trx.ID 2025072222-2-311079 OL 1",22/07/2025,,"60,000.00","2,670,783.00"
22/07/2025,"4197-909-0, SITAKUNDA SME BRANCH OL 1",22/07/2025,,"5,000.00","2,675,783.00"
22/07/2025,"PIAPP, OWN BANK KAZI FARMS LIMITED. A/C:102*-***-**751, SATATA POULTRY PRODUCTS.Trx.ID 2025072222-2-328736 OL 1",22/07/2025,,"20,400.00","2,696,183.00"
22/07/2025,"2239-901-17044 MAA ENTERPRISE, TEBUNIABRANCH OL 1",22/07/2025,,"25,000.00","2,721,183.00"
22/07/2025,"PIAPP, OWN BANK COMI076. A/C: 484*-***-***930, HENA AGRO. Trx.ID 2025072222-2-358509 OL 1",22/07/2025,,"17,500.00","2,738,683.00"
22/07/2025,CR SND 1159 T 9,22/07/2025,"2,733,000.00",,"5,683.00"
22/07/2025,"PIAPP, OWN BANK LM 700 18. A/C: 380*-***-***137, A. F, FISH FEED AND GOAT FIRM. Trx.ID2025072222-2-366738 OL 1",22/07/2025,,"12,600.00","18,283.00"
22/07/2025,"PIAPP, OWN BANK ALOM42944. A/C: 372*-***-***576, MASRURA POULTRY FEED. Trx.ID2025072222-2-372919 OL 1",22/07/2025,,"34,680.00","52,963.00"
22/07/2025,"PIAPP, OWN BANK KHUL022. A/C: 587*-***-***232, M/S S A INTERNATIONAL. Trx.ID2025072222-2-379245 OL 1",22/07/2025,,"80,000.00","132,963.00"
22/07/2025,"PIAPP, OWN BANK SAYFUL. A/C: 140*---***730, MD SAYFUL ISLAM. Trx.ID 2025072222-2-380184 OL 1",22/07/2025,,"50,000.00","182,963.00"
22/07/2025,"PIAPP, OWN BANK SAHAB. A/C: 104*---*M/S. NAM TRADERS. Trx.ID 2025072222-2-385958 OL 1",22/07/2025,,"40,000.00","222,963.00"
22/07/2025,"PIAPP, OWN BANK BOILAR CHICKS. A/C: 463*---*---*298, REKHA VETERINARY CORNER.Trx.ID 2025072222-2-414392 OL 1",22/07/2025,,"20,000.00","242,963.00"
22/07/2025,"PIAPP, OWN BANK AIDEL. A/C: 265*---*BISHMILLAH POULTRY CHICKS & FEED.Trx.ID 2025072222-2-472840 OL 1",22/07/2025,,"55,000.00","297,963.00"
22/07/2025,"PIAPP, OWN BANK FOR CHICKS. A/C: 175*---***720, ANISHA POULTRY PRODUCT. Trx.ID2025072222-2-482457 OL 1",22/07/2025,,"29,100.00","327,063.00"
22/07/2025,"PIAPP, OWN BANK POULTRY CHECKS. A/C:138*---*---*908, M/S RANGDHONU POULTRYFEED AND MEDICINE. Trx.ID 2025072222-2-",22/07/2025,,"25,000.00","352,063.00"
23/07/2025,"3669-909-0, NOAPARA BAZAR BRANCH OL 1",23/07/2025,,"5,040.00","357,103.00"
23/07/2025,"374-101-210164 MD. KAMRUZZAMAN, BARISALBRANCH OL 1",23/07/2025,,"200,000.00","557,103.00"
23/07/2025,"PIAPP, OWN BANK ADNAN POULTRY. A/C:118*---*---*611, MD. ABUL HUSSAIN. Trx.ID2025072323-2-117423 OL 1",23/07/2025,,"1,360.00","558,463.00"
23/07/2025,"PIAPP, OWN BANK BUSNIESS. A/C: 107*---****330, M/S SEBA POULTRY FEED & MEDICINEZONE. Trx.ID 2025072323-2-148953 OL 1",23/07/2025,,"150,000.00","708,463.00"
23/07/2025,"EFT - ISLAMI BANK BANGLADE, IBANKING,COMP. - NOTAPPLICABLE TRXID.: 20250723-8-154162 EFTN 1",23/07/2025,,"4,500.00","712,963.00"
23/07/2025,"4725-909-0, RAIPURA BRANCH (RATON) OL 1",23/07/2025,,"17,000.00","729,963.00"
23/07/2025,"1093-909-0, NAZIRPUR BRANCH OL 1",23/07/2025,,"141,125.00","871,088.00"
23/07/2025,"2454-901-30474 CHARBARIA POULT, BAZARROAD BRANCH OL 1",23/07/2025,,"35,000.00","906,088.00"
23/07/2025,"EFT - STANDARD BANK LIMITE, BILL, COMP. -NA TRXID.: 20250723-8-197126 EFTN 1",23/07/2025,,"93,000.00","999,088.00"
23/07/2025,"PIAPP, OWN BANK KAZI FIRMS. A/C: 335*---****230, TASMIN POULTRY. Trx.ID 2025072323-2-202706 OL 1",23/07/2025,,"21,000.00","1,020,088.00"
23/07/2025,"3452-909-0, BHABERCHAR BRANCH(018250098109) OL 1",23/07/2025,,"11,050.00","1,031,138.00"
23/07/2025,"2133-909-0, MADABPASHA BRANCH (DELWAR)OL 1",23/07/2025,,"10,000.00","1,041,138.00"
23/07/2025,"4110-901-11228 M/S MEHRAB TRAD,KANAIPUR BRANCH OL 1",23/07/2025,,"100,000.00","1,141,138.00"
23/07/2025,"4457-901-6599 M/S S. R TRADE, SUBIDKHALI(RUR BRANCH OL 1",23/07/2025,,"9,600.00","1,150,738.00"
23/07/2025,"4656-909-0, TARKI BANDAR BRANCH OL 1",23/07/2025,,"20,000.00","1,170,738.00"
23/07/2025,4205-901-9547 20250723-324002-1 B 1,23/07/2025,,"8,000.00","1,178,738.00"
23/07/2025,"4457-901-6132 BHAI BHAI POULT, SUBIDKHALI(RUR BRANCH OL 1",23/07/2025,,"25,000.00","1,203,738.00"
23/07/2025,"1162-901-23360 M/S. CHAITI AN, SINGAIRBRANCH OL 1",23/07/2025,,"100,000.00","1,303,738.00"
23/07/2025,"1942-901-54614 ZOBAYER POULTRY, KHAGRACHARI BRANCH (DR FROM CD-54614) OL 1",23/07/2025,,"36,100.00","1,339,838.00"
23/07/2025,"1051-102-483 M/S JANONI POUL, RAJAPUR BRANCH (M/S JANONI POULTRY FEED) OL 1",23/07/2025,,"44,800.00","1,384,638.00"
23/07/2025,"PIAPP, OWN BANK ANOWAR POULTRY CHHAGALNIYA. A/C: 230*---***220, ANWAR POULTRY AND FEEDS COMPLEX. Trx.ID",23/07/2025,,"150,000.00","1,534,638.00"
23/07/2025,4924-901-12060 ALIF POULTRY & MONIRAMPUR BRANCH OL 1,23/07/2025,,"35,000.00","1,569,638.00"
23/07/2025,"4412-909-0, BAROIYAR HAT BRANCH OL 1",23/07/2025,,"2,200.00","1,571,838.00"
23/07/2025,"PIAPP, OWN BANK BUSNE. A/C: 463*---***660, M/S MONNI POULTRY FEED & MEDICINE. Trx.ID 2025072323-2-253541 OL 1",23/07/2025,,"150,000.00","1,721,838.00"
23/07/2025,"2178-901-17240 M/S AWUL POULTR, THAKURGAON ROAD BRANCH OL 1",23/07/2025,,"70,000.00","1,791,838.00"
23/07/2025,"PIAPP, OWN BANK SDFDD. A/C: 487*---***036, MAISHA POULTRY FEED. Trx.ID 2025072323-2-253834 OL 1",23/07/2025,,"25,000.00","1,816,838.00"
23/07/2025,"PIAPP, OWN BANK BUSINESS. A/C: 349*---***924, OZIBA POULTRY CHIKS & FEED. Trx.ID 2025072323-2-254030 OL 1",23/07/2025,,"76,000.00","1,892,838.00"
23/07/2025,"3035-902-321 M/S BROTHERS PO, ASHRAFPUR BAZAR BRANCH OL 1",23/07/2025,,"15,000.00","1,907,838.00"
23/07/2025,"4370-909-0, ALAMDANGA BRANCH OL 1",23/07/2025,,"110,000.00","2,017,838.00"
23/07/2025,"3364-901-33351 M/S KHAN POULTR, TRISHAL BRANCH OL 1",23/07/2025,,"300,000.00","2,317,838.00"
23/07/2025,"3972-901-5360 M/S ASHA POULTR, DHAKA DAKSHIN BRANCH OL 1",23/07/2025,,"30,000.00","2,347,838.00"
23/07/2025,"4160-909-0, PANGSHA BRANCH OL 1",23/07/2025,,"20,000.00","2,367,838.00"
23/07/2025,"4014-909-0, NALCITY BRANCH OL 1",23/07/2025,,"44,000.00","2,411,838.00"
23/07/2025,"4561-909-0, BANESWAR BRANCH (TUSHAR) OL 1",23/07/2025,,"1,600.00","2,413,438.00"
23/07/2025,"PIAPP, OWN BANK FEED. A/C: 253*---***700, BATEN POULTRY. Trx.ID 2025072323-2-271957 OL 1",23/07/2025,,"85,000.00","2,498,438.00"
23/07/2025,"2412-901-32555 M/S FORHAD TRAD, DAULATPUR BRANCH OL 1",23/07/2025,,"25,000.00","2,523,438.00"
23/07/2025,"2576-901-14798 SIKDER POULTRY, NAYERGAON BAZAR BRANCH OL 1",23/07/2025,,"13,200.00","2,536,638.00"
23/07/2025,"4266-901-5112 M/S. MITU POULT, PHULTALA BRANCH OL 1",23/07/2025,,"25,000.00","2,561,638.00"
23/07/2025,"3616-901-16257 RIFAT POULTRY F, CHOWMUHANA BRANCH OL 1",23/07/2025,,"30,000.00","2,591,638.00"
23/07/2025,"PIAPP, OWN BANK MANIK. A/C: 196*---***889, GRAM BANGLA POULTRY FEED & FISH FEED. Trx.ID 2025072323-2-293118 OL 1",23/07/2025,,"23,900.00","2,615,538.00"
23/07/2025,"1892-901-32577 SOHEL POULTRY F, AKUR TAKUR BRANCH OL 1",23/07/2025,,"50,000.00","2,665,538.00"
23/07/2025,"4725-901-7810 M/S FAHAD POULT, RAIPURA BRANCH OL 1",23/07/2025,,"25,500.00","2,691,038.00"
23/07/2025,"203-999-0, BOGURA (ISLAMIC) BRANCH 939-901-41774 KAZI FARMS LIMI OL 1",23/07/2025,,"200,000.00","2,891,038.00"
23/07/2025,"PIAPP, OWN BANK BUSNIESS. A/C: 107*-***, ***330, M/S SEBA POULTRY FEED & MEDICINE ZONE. Trx.ID 2025072323-2-303239 OL 1",23/07/2025,,"100,000.00","2,991,038.00"
23/07/2025,"1181-901-15460 FULECHA POULTR, NABIGONJ BRANCH OL 1",23/07/2025,,"24,480.00","3,015,518.00"
23/07/2025,"2653-901-24910 M/S. SALIM POUL, MOULVIBAZAR BRANCH OL 1",23/07/2025,,"300,000.00","3,315,518.00"
23/07/2025,"PIAPP, OWN BANK SAHAB. A/C: 104*-***-***683, M/S. ENAM TRADERS. Trx.ID 2025072323-2-308547 OL 1",23/07/2025,,"20,000.00","3,335,518.00"
23/07/2025,"PIAPP, OWN BANK CKESS. A/C: 018*-***-***291, BROTHERS ENTERPRISE. Trx.ID 2025072323-2-313447 OL 1",23/07/2025,,"100,000.00","3,435,518.00"
23/07/2025,"4075-901-6186 M/S. N.S POULTR, NANDINA BAZAR BRANCH OL 1",23/07/2025,,"20,000.00","3,455,518.00"
23/07/2025,"PIAPP, OWN BANK TRANSFER. A/C: 132*-***-***310, M/S FARUQUE TRADERS. Trx.ID 2025072323-2-314784 OL 1",23/07/2025,,"50,000.00","3,505,518.00"
23/07/2025,"5280-901-393 M/S SAGOR POULTR, BORHANUDDIN BRANCH OL 1",23/07/2025,,"70,000.00","3,575,518.00"
23/07/2025,"1640-901-65064 M/S FRIENDS POU, KISHOREGONJ BRANCH OL 1",23/07/2025,,"21,000.00","3,596,518.00"
23/07/2025,"3590-901-5811 SYLHET POULTRY, KADAMTALI BRANCH OL 1",23/07/2025,,"50,000.00","3,646,518.00"
23/07/2025,"PIAPP, OWN BANK FEED. A/C: 406*-***-***683, BISMILLAH POULTRY FIRM. Trx.ID 2025072323-2-319150 OL 1",23/07/2025,,"225,000.00","3,871,518.00"
23/07/2025,"2454-909-0, BAZAR ROAD BRANCH (NAIM) OL 1",23/07/2025,,"100,000.00","3,971,518.00"
23/07/2025,"1138-901-23943 M/S MA-MONI POU, KALAIYA BANDAR BRANCH OL 1",23/07/2025,,"35,000.00","4,006,518.00"
23/07/2025,"PIAPP, OWN BANK BUSINESS. A/C: 041*-***-***978, PRINCE AGRO. Trx.ID 2025072323-2-340456 OL 1",23/07/2025,,"200,000.00","4,206,518.00"
23/07/2025,CR SND 1159 T 11,23/07/2025,"4,091,000.00",,"115,518.00"
23/07/2025,"PIAPP, OWN BANK FOR CHICKS. A/C: 175*-***-***720, ANISHA POULTRY PRODUCT. Trx.ID 2025072323-2-352376 OL 1",23/07/2025,,"19,800.00","135,318.00"
23/07/2025,"PIAPP, OWN BANK ADNAN POULTRY. A/C: 118*-***-***611, MD. ABUL HUSSAIN. Trx.ID 2025072323-2-356295 OL 1",23/07/2025,,"52,700.00","188,018.00"
23/07/2025,"PIAPP, OWN BANK DOC KHAG 009. A/C: 194*-***-***562, SHARIF POULTRY FEED CENTER. Trx.ID 2025072323-2-417943 OL 1",23/07/2025,,"300,000.00","488,018.00"
23/07/2025,"PIAPP, OWN BANK SAYFUL. A/C: 140*-***-***594, RAKIB POULTRY PRODUCTS. Trx.ID 2025072323-2-427597 OL 1",23/07/2025,,"80,000.00","568,018.00"
23/07/2025,"PIAPP, OWN BANK 144. A/C: 372*-***-***491, ZIHAD POULTRY & FISH FEED. Trx.ID 2025072323-2-455653 OL 1",23/07/2025,,"7,000.00","575,018.00"
23/07/2025,"PIAPP, OWN BANK ALOM42944. A/C: 372*-***-***576, MASRURA POULTRY FEED. Trx.ID 2025072323-2-460422 OL 1",23/07/2025,,"185,080.00","760,098.00"
23/07/2025,"PIAPP, OWN BANK MS PARVEZ POULTRY AND FISH FEED. A/C: 147*-***-***681, M/S PARVEZ POULTRY AND FISH FEED. Trx.ID 2025072323-2",23/07/2025,,"85,000.00","845,098.00"
23/07/2025,"PIAPP, OWN BANK BOILAR CHICKS. A/C: 463*-***-***298, REKHA VETERINARY CORNER. Trx.ID 2025072323-2-472518 OL 1",23/07/2025,,"165,000.00","1,010,098.00"
23/07/2025,"PIAPP, OWN BANK CHICK PAYMENT. A/C: 261*.***911, M/S SOTOTA POULTRY FEEDS. Trx.ID 2025072323-2-477271 OL 1",23/07/2025,,"38,000.00","1,048,098.00"
23/07/2025,"PIAPP, OWN BANK CASH. A/C: 463*.***298, REKHA VETERINARY CORNER. Trx.ID 2025072323-2-498110 OL 1",23/07/2025,,"20,000.00","1,068,098.00"
23/07/2025,"PIAPP, OWN BANK BACHA. A/C: 463*.***813, M/S SHAH POULTRY FEED AND MEDICINE. Trx.ID 2025072323-2-504268 OL 1",23/07/2025,,"200,000.00","1,268,098.00"
23/07/2025,"PIAPP, OWN BANK COMI076. A/C: 484*.***930, HENA AGRO. Trx.ID 2025072323-2-523485 OL 1",23/07/2025,,"20,500.00","1,288,598.00"
23/07/2025,"PIAPP, OWN BANK CHICK PURCHESS. A/C: 473*.***437, M/S HOWLADAR POULTRY FEEDS. Trx.ID 2025072323-2-551818 OL 1",23/07/2025,,"43,680.00","1,332,278.00"
23/07/2025,"PIAPP, OWN BANK BUSNE. A/C: 463*.***660, M/S MONNI POULTRY FEED & MEDICINE. Trx.ID 2025072323-2-571967 OL 1",23/07/2025,,"25,000.00","1,357,278.00"
23/07/2025,"PIAPP, OWN BANK AL MODINA HARTA. A/C: 245*.***192, AL MODINA FISH AND POULTRY FARM. Trx.ID 2025072323-2-598435",23/07/2025,,"90,000.00","1,447,278.00"
24/07/2025,"504-909-0, JAMALGONJ BRANCH (EMU TRADERS) OL 1",24/07/2025,,"2,900.00","1,450,178.00"
24/07/2025,"1510-901-12866 SHITIL POULTRY, PARBOTIPUR BRANCH OL 1",24/07/2025,,"20,000.00","1,470,178.00"
24/07/2025,"PIAPP, OWN BANK DDDDD. A/C: 487*.***036, MAISHA POULTRY FEED. Trx.ID 2025072424-2-166994 OL 1",24/07/2025,,"70,000.00","1,540,178.00"
24/07/2025,"1170-901-20713 SOTOTA BROILER, DAULATPUR BRANCH OL 1",24/07/2025,,"59,200.00","1,599,378.00"
24/07/2025,"1300-909-0, BATIAGHATA BRANCH OL 1",24/07/2025,,"44,500.00","1,643,878.00"
24/07/2025,"53-901-31856 M/S ASHUGONJ MA, ASHUGONJ BRANCH OL 1",24/07/2025,,"200,000.00","1,843,878.00"
24/07/2025,"581-102-750 OBONI POULTRY F, BHERAMARA BRANCH OL 1",24/07/2025,,"100,000.00","1,943,878.00"
24/07/2025,4924-901-12060 ALIF POULTRY & MONIRAMPUR BRANCH (CD-12060) OL 1,24/07/2025,,"30,000.00","1,973,878.00"
24/07/2025,"4993-909-0, BSCIC BRANCH OL 1",24/07/2025,,"8,000.00","1,981,878.00"
24/07/2025,INTERBANK FUND TRANSFER ISLAMI BANK BANGLADESH LIMITED 20507770209307789 0,24/07/2025,,"13,200.00","1,995,078.00"
24/07/2025,"PIAPP, OWN BANK BUSINESS. A/C: 473*.***576, A R SHADHIN POULTRY FEED. Trx.ID 2025072424-2-230800 OL 1",24/07/2025,,"40,000.00","2,035,078.00"
24/07/2025,"PIAPP, OWN BANK SYLH087. A/C: 356*.***801, NAZAT AGRO. Trx.ID 2025072424-2-230835 OL 1",24/07/2025,,"10,000.00","2,045,078.00"
24/07/2025,"4240-901-819 RUPALI POULTRY, RAJAR BAZAR BRANCH OL 1",24/07/2025,,"170,000.00","2,215,078.00"
24/07/2025,"PIAPP, OWN BANK SALAM. A/C: 307*.***204, SALAM POULTRY & FEED. Trx.ID 2025072424-2-248683 OL 1",24/07/2025,,"41,600.00","2,256,678.00"
24/07/2025,"4160-909-0, PANGSHA BRANCH OL 1",24/07/2025,,"20,000.00","2,276,678.00"
24/07/2025,"4656-901-10722 BISWAS POULTRY, TARKI BANDAR BRANCH OL 1",24/07/2025,,"20,000.00","2,296,678.00"
24/07/2025,CIB CHARGE T 1,24/07/2025,575.00,,"2,296,103.00"
24/07/2025,"1621-901-16216 M/S CRECENT ENT, NETROKONA BRANCH (CD 16216) OL 1",24/07/2025,,"21,000.00","2,317,103.00"
24/07/2025,"2340-901-9721 MAKKA MADINA AG, MADUNAGHAT BRANCH (DR. FROM CD-9721) OL 1",24/07/2025,,"100,000.00","2,417,103.00"
24/07/2025,"4091-901-18297 M/S. ASA TRADER, NAVARAN BAZAR BRANCH OL 1",24/07/2025,,"50,000.00","2,467,103.00"
24/07/2025,"PIAPP, OWN BANK CHICKS. A/C: 118*.*-*.* 776, ANIK POULTRY FEED & CHICKS. Trx.ID 2025072424-2-271078 OL 1",24/07/2025,,"61,600.00","2,528,703.00"
24/07/2025,"PIAPP, OWN BANK CHICKS. A/C: 201*.*-*.* 256, M/S TAHSIN POULTRY FEED AND MEDICINE. Trx.ID 2025072424-2-271676 OL 1",24/07/2025,,"54,000.00","2,582,703.00"
24/07/2025,"2576-901-14798 SIKDER POULTRY, NAYERGAON BAZAR BRANCH OL 1",24/07/2025,,"21,000.00","2,603,703.00"
24/07/2025,"4951-901-894 M/S ATIQUE POUL, FULBARIA BRANCH OL 1",24/07/2025,,"15,200.00","2,618,903.00"
24/07/2025,"PIAPP, OWN BANK BUSINESS. A/C: 307*.*-*.* 457, MD. HABIBUR RAHMAN PABEL. Trx.ID 2025072424-2-284458 OL 1",24/07/2025,,"20,800.00","2,639,703.00"
24/07/2025,"PIAPP, OWN BANK BUSINESS. A/C: 349*.*-*.* 924, OZIBA POULTRY CHIKS & FEED. Trx.ID 2025072424-2-285620 OL 1",24/07/2025,,"60,000.00","2,699,703.00"
24/07/2025,"PIAPP, OWN BANK ADNAN POULTRY. A/C: 118*.*-*.* 611, MD. ABUL HUSSAIN. Trx.ID 2025072424-2-287534 OL 1",24/07/2025,,"82,000.00","2,781,703.00"
24/07/2025,"3669-909-0, NOAPARA BAZAR BRANCH (IQBAL) OL 1",24/07/2025,,"24,800.00","2,806,503.00"
24/07/2025,"PIAPP, OWN BANK BUSINESS PROPUSE. A/C: 275*.*-*.* 598, M/S ROKIB BROTHERS AND MISRO FARM. Trx.ID 2025072424-2-289531 OL 1",24/07/2025,,"26,500.00","2,833,003.00"
24/07/2025,"1682-901-23924 M/S MAA POULTRY, MADAN BRANCH OL 1",24/07/2025,,"150,000.00","2,983,003.00"
24/07/2025,"894-909-0, GHORASHAL BRANCH (CC522) OL 1",24/07/2025,,"18,000.00","3,001,003.00"
24/07/2025,"PIAPP, OWN BANK NEW NOOR KHULNA. A/C: 285*.*-*.* 023, NEW NOOR POULTRY & FISH FEED COMPLEX. Trx.ID 2025072424-2-303237",24/07/2025,,"49,500.00","3,050,503.00"
24/07/2025,"4266-901-5112 M/S. MITU POULT, PHULTALA BRANCH OL 1",24/07/2025,,"30,000.00","3,080,503.00"
24/07/2025,"4518-901-12024 HASANIA ENTERPR, CHUKNAGAR (RURAL BRANCH (FROM CD-12024) OL 1",24/07/2025,,"50,000.00","3,130,503.00"
24/07/2025,"PIAPP, OWN BANK KAZI FIRMS, A/C: 335*.*-*.* 230, TASMIN POULTRY. Trx.ID 2025072424-2-309897 OL 1",24/07/2025,,"51,000.00","3,181,503.00"
24/07/2025,"4985-901-2093 M/S ANNYE ENTER, BHULTA BRANCH OL 1",24/07/2025,,"10,200.00","3,191,703.00"
24/07/2025,"2672-901-21804 M/S. SATATA TRA, MOHADEVPUR BRANCH OL 1",24/07/2025,,"100,000.00","3,291,703.00"
24/07/2025,"626-901-30855 LOKNATH POULTRY, SREEMONGAL BRANCH OL 1",24/07/2025,,"26,000.00","3,317,703.00"
24/07/2025,"2401-909-0, MEHENDIGONJ BRANCH OL 1",24/07/2025,,"60,000.00","3,377,703.00"
24/07/2025,"PIAPP, OWN BANK BUSINESS. A/C: 469*.*-*.* 956, M/S APON ENTERPRISE. Trx.ID 2025072424-2-327807 OL 1",24/07/2025,,"26,000.00","3,403,703.00"
24/07/2025,"PIAPP, OWN BANK BUSINESS. A/C: 118*.*-*.* 476, SHIHAB POULTRY FARM. Trx.ID 2025072424-2-329537 OL 1",24/07/2025,,"40,000.00","3,443,703.00"
24/07/2025,"1979-901-14929 M/S RAJU POULTR, NAZIRHAT BRANCH (RAJU POULTY COMPLEX CD-14929) OL 1",24/07/2025,,"27,360.00","3,471,063.00"
24/07/2025,"1987-901-8002 M/S AJMIR POULT, BIBIRHAT BRANCH OL 1",24/07/2025,,"13,000.00","3,484,063.00"
24/07/2025,"1093-909-0, NAZIRPUR BRANCH OL 1",24/07/2025,,"16,000.00","3,500,063.00"
24/07/2025,"1900-901-41171 M/S HOWLADER EN, GOPALGONJ BRANCH (FROM CD-41171) OL 1",24/07/2025,,"100,000.00","3,600,063.00"
24/07/2025,"PIAPP, OWN BANK POULTRY CHECKS. A/C: 138*---***908, M/S RANGDHONU POULTRY FEED AND MEDICINE. Trx.ID 2025072424-2-",24/07/2025,,"23,920.00","3,623,983.00"
24/07/2025,939-901-41774 KAZI FARMS LIMI OL 1,24/07/2025,,"65,000.00","3,688,983.00"
24/07/2025,"2412-901-32555 M/S FORHAD TRAD, DAULATPUR BRANCH OL 1",24/07/2025,,"37,000.00","3,725,983.00"
24/07/2025,"1491-901-35010 M/S NURUL TRADE, BAGERHAT BRANCH (FROM CD-35010) OL 1",24/07/2025,,"10,000.00","3,735,983.00"
24/07/2025,939-901-41774 KAZI FARMS LIMI OL 1,24/07/2025,,"510,000.00","4,245,983.00"
24/07/2025,"1491-901-35010 M/S NURUL TRADE, BAGERHAT BRANCH (FROM CD-35010) OL 1",24/07/2025,,"6,000.00","4,251,983.00"
24/07/2025,"4412-102-1136 AKRAM POULTRY A, BAROIYAR HAT BRANCH OL 1",24/07/2025,,"1,800.00","4,253,783.00"
24/07/2025,"3590-901-5811 SYLHET POULTRY, KADAMTALI BRANCH OL 1",24/07/2025,,"30,000.00","4,283,783.00"
24/07/2025,"PIAPP, OWN BANK AL HERA AGRO FARM. A/C: 274*---***407, AL-HERA AGRO FARM. Trx.ID 2025072424-2-349680 OL 1",24/07/2025,,"40,000.00","4,323,783.00"
24/07/2025,"4725-909-0, RAIPURA BRANCH (CD-7810) OL 1",24/07/2025,,"32,300.00","4,356,083.00"
24/07/2025,"520-901-25979 M/S NAZMIN POUL, CHHATAK BRANCH OL 1",24/07/2025,,"20,000.00","4,376,083.00"
24/07/2025,"PIAPP, OWN BANK CKESS. A/C: 018*---***291, BROTHERS ENTERPRISE. Trx.ID 2025072424-2-358680 OL 1",24/07/2025,,"35,000.00","4,411,083.00"
24/07/2025,"581-901-35596 ALIM POULTRY FE, BHERAMARA BRANCH OL 1",24/07/2025,,"27,000.00","4,438,083.00"
24/07/2025,"PIAPP, OWN BANK TWENTY FOUR THOUSAND. A/C: 372*---***000, BOSHRA POULTRY AND FISH FEED. Trx.ID 2025072424-",24/07/2025,,"24,000.00","4,462,083.00"
24/07/2025,"122-901-31324 M/S SAFA TRADER, ISHURDI BRANCH OL 1",24/07/2025,,"100,000.00","4,562,083.00"
24/07/2025,"PIAPP, OWN BANK MANIK. A/C: 196*---***889, GRAM BANGLA POULTRY FEED & FISH FEED. Trx.ID 2025072424-2-380924 OL 1",24/07/2025,,"28,000.00","4,590,083.00"
24/07/2025,"PIAPP, OWN BANK AIDEL. A/C: 265*---***866, BISHMILLAH POULTRY CHICKS & FEED. Trx.ID 2025072424-2-380956 OL 1",24/07/2025,,"45,000.00","4,635,083.00"
24/07/2025,"PIAPP, OWN BANK OK. A/C: 511*---***578, KRISHNO POULTRY FEED CENTRE. Trx.ID 2025072424-2-384816 OL 1",24/07/2025,,"83,200.00","4,718,283.00"
24/07/2025,"PIAPP, OWN BANK OJUD MIAH. A/C: 442*---***859, M/S BHAI BHAI POULTRY COMPLEX. Trx.ID 2025072424-2-386273 OL 1",24/07/2025,,"19,975.00","4,738,258.00"
24/07/2025,"756-901-42585 M/S SIRAJ TRADE, RANGAMATI BRANCH (0756 901 42585) OL 1",24/07/2025,,"250,000.00","4,988,258.00"
24/07/2025,"PIAPP, OWN BANK MODENA POLTE. A/C: 370***576, MODINA POULTRY FEEDS. Trx.ID2025072424-2-400982 OL 1",24/07/2025,,"80,000.00","5,068,258.00"
24/07/2025,"PIAPP, OWN BANK MODENA POLTE. A/C: 370***576, MODINA POULTRY FEEDS. Trx.ID2025072424-2-402026 OL 1",24/07/2025,,"40,000.00","5,108,258.00"
24/07/2025,"PIAPP, OWN BANK HIZLA. A/C: 110***015, M/S MAMUN TRADERS. Trx.ID 2025072424-2-404170 OL 1",24/07/2025,,"12,000.00","5,120,258.00"
24/07/2025,"PIAPP, OWN BANK CHICKS PAYMENT. A/C:281*,**207, M/S AYMONA POULTRY FEED& CHICKS. Trx.ID 2025072424-2-411581 OL 1",24/07/2025,,"47,000.00","5,167,258.00"
24/07/2025,CR SND 1159 T 11,24/07/2025,"5,162,000.00",,"5,258.00"
24/07/2025,"2454-909-0, BAZAR ROAD BRANCH (LITON) OL1",24/07/2025,,"254,000.00","259,258.00"
24/07/2025,"PIAPP, OWN BANK ANOWAR POULTRYCHHAGALNIYA. A/C: 230***220, ANWARPOULTRY AND FEEDS COMPLEX. Trx.ID",24/07/2025,,"100,000.00","359,258.00"
24/07/2025,"2454-909-0, BAZAR ROAD BRANCH (LITON) OL1",24/07/2025,,"100,000.00","459,258.00"
24/07/2025,"PIAPP, OWN BANK HABIB VARIETIES STO.A/C: 102***515, HABIB VARIETIES STORE.Trx.ID 2025072424-2-425030 OL 1",24/07/2025,,"5,000.00","464,258.00"
24/07/2025,"PIAPP, OWN BANK BUSINESS. A/C: 316***126, MONOWARA CHICKS & FEEDCENTER. Trx.ID 2025072424-2-432907 OL 1",24/07/2025,,"75,000.00","539,258.00"
24/07/2025,"PIAPP, OWN BANK KHUL022. A/C: 587***232, M/S S A INTERNATIONAL. Trx.ID2025072424-2-443578 OL 1",24/07/2025,,"20,000.00","559,258.00"
24/07/2025,"PIAPP, OWN BANK KHUL022. A/C: 587***232, M/S S A INTERNATIONAL. Trx.ID2025072424-2-463947 OL 1",24/07/2025,,"30,000.00","589,258.00"
24/07/2025,"PIAPP, OWN BANK MASTER POULTRY. A/C:030*,**626, MASTAR POULTRY FEED& CHICKS. Trx.ID 2025072424-2-513859 OL 1",24/07/2025,,"200,000.00","789,258.00"
24/07/2025,"PIAPP, OWN BANK ALOM42944. A/C: 372***576, MASRURA POULTRY FEED. Trx.ID2025072424-2-514100 OL 1",24/07/2025,,"130,880.00","920,138.00"
24/07/2025,"PIAPP, OWN BANK AL MODINA HARTA. A/C:245*,**192, AL MODINA FISH ANDPOULTRY FARM. Trx.ID 2025072424-2-540949",24/07/2025,,"35,900.00","956,038.00"
24/07/2025,"PIAPP, OWN BANK N S POULTRY. A/C: 407***186, M/S, N S POULTRY & FISH FEED.Trx.ID 2025072424-2-581779 OL 1",24/07/2025,,"23,000.00","979,038.00"
24/07/2025,"PIAPP, OWN BANK SAHAB. A/C: 104***683, M/S. ENAM TRADERS. Trx.ID 2025072424-2-597913 OL 1",24/07/2025,,"80,000.00","1,059,038.00"
24/07/2025,"PIAPP, OWN BANK CHICKS. A/C: 139***698, G. K. DAIRY & AGRO. Trx.ID2025072424-2-675631 OL 1",24/07/2025,,"11,000.00","1,070,038.00"
24/07/2025,INTERBANK FUND TRANSFER IFIC BANKLIMITED 4169492035001 0,24/07/2025,,"20,400.00","1,090,438.00"
24/07/2025,"PIAPP, OWN BANK ALOM42944. A/C: 372***576, MASRURA POULTRY FEED. Trx.ID2025072424-2-699575 OL 1",24/07/2025,,"54,400.00","1,144,838.00"
26/07/2025,"PIAPP, OWN BANK CHICKS ADJUST 150 K.A/C: 442***979, M/S SHAHED POULTRYFARM. Trx.ID 2025072625-2-319913 OL 1",26/07/2025,,"30,000.00","1,174,838.00"
26/07/2025,"PIAPP, OWN BANK MESEARS SARKAR LEYARFARM. A/C: 438***617, BABU TELECOM &AUTOS. Trx.ID 2025072626-2-666772 OL 1",26/07/2025,,"11,200.00","1,186,038.00"
26/07/2025,"PIAPP, OWN BANK KAZI FIRMS. A/C: 335***230, TASMIN POULTRY. Trx.ID 2025072626-2-685409 OL 1",26/07/2025,,"37,000.00","1,223,038.00"
26/07/2025,"PIAPP, OWN BANK ADNAN POULTRY. A/C:118*,**611, MD. ABUL HUSSAIN. Trx.ID2025072626-2-714357 OL 1",26/07/2025,,"58,000.00","1,281,038.00"
26/07/2025,"PIAPP, OWN BANK NEW NOOR KHULNA. A/C: 285*.***.**023, NEW NOOR POULTRY & FISH FEED COMPLEX. Trx.ID 2025072626-2-729835",26/07/2025,,"11,400.00","1,292,438.00"
26/07/2025,"PIAPP, OWN BANK NEW NOOR KHULNA. A/C: 285*.***.**023, NEW NOOR POULTRY & FISH FEED COMPLEX. Trx.ID 2025072626-2-730671",26/07/2025,,"5,200.00","1,297,638.00"
26/07/2025,ATM FUND TRANSFER 5861 PRAMANIK POULTRY AND FEED CENTER 1144,26/07/2025,,"51,000.00","1,348,638.00"
26/07/2025,ATM FUND TRANSFER 1961 BILLAL HOSSAIN 8686,26/07/2025,,"45,000.00","1,393,638.00"
26/07/2025,"PIAPP, OWN BANK FOR CHICKS. A/C: 175*.***.**720, ANISHA POULTRY PRODUCT. Trx.ID 2025072626-2-761733 OL 1",26/07/2025,,"43,200.00","1,436,838.00"
26/07/2025,"PIAPP, OWN BANK CHICKS PAYMENT. A/C: 169*.***.**716, M/S ALAK TRADERS. Trx.ID 2025072626-2-795616 OL 1",26/07/2025,,"24,800.00","1,461,638.00"
26/07/2025,"PIAPP, OWN BANK BOILAR CHICKS. A/C: 463*.***.**298, REKHA VETERINARY CORNER. Trx.ID 2025072626-2-823054 OL 1",26/07/2025,,"100,000.00","1,561,638.00"
26/07/2025,"PIAPP, OWN BANK ALOM42944. A/C: 372*.***.**576, MASRURA POULTRY FEED. Trx.ID 2025072626-2-886664 OL 1",26/07/2025,,"71,040.00","1,632,678.00"
26/07/2025,"PIAPP, OWN BANK 01715293414. A/C: 190*.***.**621, ALI UZZAMAN. Trx.ID 2025072626-2-901584 OL 1",26/07/2025,,"22,000.00","1,654,678.00"
26/07/2025,"PIAPP, OWN BANK LM 500 14. A/C: 380*.***.**137, A. F. FISH FEED AND GOAT FIRM. Trx.ID 2025072626-2-925132 OL 1",26/07/2025,,"7,000.00","1,661,678.00"
27/07/2025,"1674-909-0, BABUGONJ BRANCH OL 1",27/07/2025,,"7,800.00","1,669,478.00"
27/07/2025,"PIAPP, OWN BANK POULTRY CHECKS. A/C: 138*.***.**908, M/S RANGDHONU POULTRY FEED AND MEDICINE. Trx.ID 2025072727-2",27/07/2025,,"61,100.00","1,730,578.00"
27/07/2025,"4924-909-0, MONIRAMPUR BRANCH OL 1",27/07/2025,,"20,000.00","1,750,578.00"
27/07/2025,"PIAPP, OWN BANK KANCHON MIA POULTRY. A/C: 339*.***.**965, M/S KANCHON MIA POULTRY FEED. Trx.ID 2025072727-2-139164",27/07/2025,,"41,600.00","1,792,178.00"
27/07/2025,"3460-901-8469 SHAHI ENTERPRISE, PATHRAIL BAZAR BRANCH OL 1",27/07/2025,,"6,000.00","1,798,178.00"
27/07/2025,"4457-901-6599 M/S S. R. TRADE, SUBIDKHALI (RUR BRANCH OL 1",27/07/2025,,"15,500.00","1,813,678.00"
27/07/2025,"5513-909-0, SACHNA BAZAR SU BRANCH OL 1",27/07/2025,,"60,000.00","1,873,678.00"
27/07/2025,"1181-901-15460 FULECHA POULTR, NABIGONJ BRANCH OL 1",27/07/2025,,"21,600.00","1,895,278.00"
27/07/2025,"1605-901-28040 M/S SHIHAB TRAD, THAKURGAON BRANCH OL 1",27/07/2025,,"100,000.00","1,995,278.00"
27/07/2025,"PIAPP, OWN BANK SALIM. A/C: 101*.***.**296, M/S TAMIZ AGRO FARM. Trx.ID 2025072727-2-186683 OL 1",27/07/2025,,"16,000.00","2,011,278.00"
27/07/2025,"2178-909-0, THAKURGAON ROAD BRANCH OL 1",27/07/2025,,"26,000.00","2,037,278.00"
27/07/2025,"2178-901-17240 M/S AWUL POULTR, THAKURGAON ROAD BRANCH OL 1",27/07/2025,,"50,000.00","2,087,278.00"
27/07/2025,"4240-901-819 RUPALI POULTRY, RAJAR BAZAR BRANCH OL 1",27/07/2025,,"70,000.00","2,157,278.00"
27/07/2025,"2568-909-0, BANGODDA BAZAR BRANCH OL 1",27/07/2025,,"51,920.00","2,209,198.00"
27/07/2025,"4266-909-0, PHULTALA BRANCH OL 1",27/07/2025,,"6,000.00","2,215,198.00"
27/07/2025,"1674-909-0, BABUGONJ BRANCH OL 1",27/07/2025,,"10,800.00","2,225,998.00"
27/07/2025,INTERBANK FUND TRANSFER NRB COMMERCIAL BANK LIMITED 511233300003209 0,27/07/2025,,"50,000.00","2,275,998.00"
27/07/2025,"4014-909-0, NALCITY BRANCH OL 1",27/07/2025,,"40,000.00","2,315,998.00"
27/07/2025,"4993-909-0, BSCIC BRANCH OL 1",27/07/2025,,"15,000.00","2,330,998.00"
27/07/2025,"PIAPP, OWN BANK BUSINESS. A/C: 397*-***- ***467, M/S J R POULTRY FARM. Trx.ID 2025072727-2-231727 OL 1",27/07/2025,,"23,000.00","2,353,998.00"
27/07/2025,"PIAPP, OWN BANK HHHHH. A/C: 487*-***- ***036, MAISHA POULTRY FEED. Trx.ID 2025072727-2-235154 OL 1",27/07/2025,,"70,000.00","2,423,998.00"
27/07/2025,"PIAPP, OWN BANK FEED. A/C: 139*-***-***698, G. K. DAIRY & AGRO. Trx.ID 2025072727-2- 250244 OL 1",27/07/2025,,"69,000.00","2,492,998.00"
27/07/2025,"2340-901-9721 MAKKA MADINA AG, MADUNAGHAT BRANCH (DR. FROM CD-9721) OL 1",27/07/2025,,"100,000.00","2,592,998.00"
27/07/2025,"PIAPP, OWN BANK SALAM. A/C: 307*-***-***204, SALAM POULTRY & FEED. Trx.ID 2025072727- 2-262736 OL 1",27/07/2025,,"22,400.00","2,615,398.00"
27/07/2025,"122-901-31324 M/S SAFA TRADER, ISHURDI BRANCH OL 1",27/07/2025,,"540,000.00","3,155,398.00"
27/07/2025,"PIAPP, OWN BANK CHICK. A/C: 443*-***-***793, SATOTA POULTRY FEED. Trx.ID 2025072727- 2-269121 OL 1",27/07/2025,,"85,000.00","3,240,398.00"
27/07/2025,"2653-901-24910 M/S. SALIM POUL, MOULVIBAZAR BRANCH OL 1",27/07/2025,,"200,000.00","3,440,398.00"
27/07/2025,"2600-901-15730 SOHEL POULTRY, LOHAGARA BRANCH (FROM CD-15730) OL 1",27/07/2025,,"1,000,000.00","4,440,398.00"
27/07/2025,"191-909-0, JOYPURHAT BRANCH OL 1",27/07/2025,,"5,400.00","4,445,798.00"
27/07/2025,"1961-901-16390 M/S ADORSHA POU, JURI BRANCH OL 1",27/07/2025,,"95,000.00","4,540,798.00"
27/07/2025,"4075-901-4303 M/S RAHIM ENTER, NANDINA BAZAR BRANCH OL 1",27/07/2025,,"20,000.00","4,560,798.00"
27/07/2025,"4985-901-2093 M/S ANNYE ENTER, BHULTA BRANCH OL 1",27/07/2025,,"55,500.00","4,616,298.00"
27/07/2025,"4680-901-6066 SABIHA ENTERPRI, KALAROA BRANCH OL 1",24/07/2025,,"40,000.00","4,656,298.00"
27/07/2025,"PIAPP, OWN BANK MAA ENTERPRISE. A/C: 223*-***-***044, MAA ENTERPRISE. Trx.ID 2025072727-2-285258 OL 1",27/07/2025,,"13,000.00","4,669,298.00"
27/07/2025,"4362-901-14288 M/S TALUKDER P, GALACHIPA BRANCH OL 1",27/07/2025,,"100,000.00","4,769,298.00"
27/07/2025,"PIAPP, OWN BANK MIM POULTRY CORNER CHICKS DEPOSIT. A/C: 158*-***-***244, M/S MIM POULTRY CORNER. Trx.ID 2025072727-2",27/07/2025,,"100,000.00","4,869,298.00"
27/07/2025,"PIAPP, OWN BANK BUSINESS. A/C: 469*-***- ***956, M/S APON ENTERPRISE. Trx.ID 2025072727-2-292352 OL 1",27/07/2025,,"35,000.00","4,904,298.00"
27/07/2025,"PIAPP, OWN BANK BUE PAYMENT. A/C: 164*- ***-***900, EVA POULTRY AND FISH FEED. Trx.ID 2025072727-2-296454 OL 1",27/07/2025,,"10,880.00","4,915,178.00"
27/07/2025,"2454-909-0, BAZAR ROAD BRANCH (NAYEM) OL 1",27/07/2025,,"352,000.00","5,267,178.00"
27/07/2025,"2454-909-0, BAZAR ROAD BRANCH (NAYEM) OL 1",27/07/2025,,"50,000.00","5,317,178.00"
27/07/2025,"3502-902-240 M/S SHAWON ENTE, GUNINGONJ BRANCH OL 1",27/07/2025,,"30,400.00","5,347,578.00"
27/07/2025,"RTGS INWARD FROM GANGACHARAN DAS, Janata Bank Ltd. - Markuli Branch, RTGS Sender: 0100273634414, GANGACHARAN DAS RTGS",27/07/2025,,"100,620.00","5,448,198.00"
27/07/2025,"4518-901-12024 HASANIA ENTERPR, CHUKNAGAR(RURAL BRANCH (FROM- CD- 12024) OL 1",27/07/2025,,"50,000.00","5,498,198.00"
27/07/2025,"3590-901-11533 SHUVECCHA POULT, KADAMTALI BRANCH OL 1",27/07/2025,,"39,000.00","5,537,198.00"
27/07/2025,"4518-901-12024 HASANIA ENTERPR, CHUKNAGAR(RURAL BRANCH (FROM- CD- 12024) OL 1",27/07/2025,,"2,000.00","5,539,198.00"
27/07/2025,"860-901-48176 M/S AKON POULTR, PATUAKHALI BRANCH (CD-48176) OL 1",27/07/2025,,"400,000.00","5,939,198.00"
27/07/2025,"3900-909-0, CHAKORIA BRANCH (OL) OL 1",27/07/2025,,"2,100.00","5,941,298.00"
27/07/2025,"5696-909-0, BIRAMPUR BRANCH (MEHEDI HASAN) OL 1",27/07/2025,,"50,000.00","5,991,298.00"
27/07/2025,"PIAPP, OWN BANK BUSINESS, A/C: 041*--***- **978, PRINCE AGRO. Trx.ID 2025072727-2- 315292 OL 1",27/07/2025,,"30,000.00","6,021,298.00"
27/07/2025,"3842-901-1770 SHAMIM STORE, GACHHBARI BRANCH OL 1",27/07/2025,,"50,000.00","6,071,298.00"
27/07/2025,"4431-909-0, PATKELGHATA (RU BRANCH OL 1",27/07/2025,,"60,000.00","6,131,298.00"
27/07/2025,"PIAPP, OWN BANK ADNAN POULTRY. A/C: 118*--***-**611, MD. ABUL HUSSAIN. Trx.ID 2025072727-2-320670 OL 1",27/07/2025,,"33,600.00","6,164,898.00"
27/07/2025,"PIAPP, OWN BANK KAZI CHICKS. A/C: 140*--***- **901, M/S ORIN TRADERS. Trx.ID 2025072727- 2-322881 OL 1",27/07/2025,,"300,000.00","6,464,898.00"
27/07/2025,"PIAPP, OWN BANK AIDEL. A/C: 265*--***-**866, BISHMILLAH POULTRY CHICKS & FEED. Trx.ID 2025072727-2-324437 OL 1",27/07/2025,,"100,000.00","6,564,898.00"
27/07/2025,"PIAPP, OWN BANK FOR CHICKS. A/C: 175*--***- **720, ANISHA POULTRY PRODUCT. Trx.ID 2025072727-2-325149 OL 1",27/07/2025,,"53,700.00","6,618,598.00"
27/07/2025,"4940-901-7936 M/S TAHSIN TABA, KUMARKHALI BRANCH OL 1",27/07/2025,,"54,000.00","6,672,598.00"
27/07/2025,"1138-901-23943 M/S MA-MONI POU, KALAIYA BANDAR BRANCH OL 1",27/07/2025,,"25,000.00","6,697,598.00"
27/07/2025,"4266-901-9717 M/S FAISAL POUL, PHULTALA BRANCH OL 1",27/07/2025,,"9,000.00","6,706,598.00"
27/07/2025,"2412-901-32555 M/S FORHAD TRAD, DAULATPUR BRANCH OL 1",27/07/2025,,"42,500.00","6,749,098.00"
27/07/2025,"PIAPP, OWN BANK JAHIDUR RAHMAN RINKU. A/C: 221*--***-**747, M/S D. M. TRADERS. Trx.ID 2025072727-2-334009 OL 1",27/07/2025,,"5,000.00","6,754,098.00"
27/07/2025,"5720-909-0, TEKERHAT BRANCH OL 1",27/07/2025,,"20,000.00","6,774,098.00"
27/07/2025,"PIAPP, OWN BANK BUSNE. A/C: 463*--***-**660, M/S MONNI POULTRY FEED & MEDICINE. Trx.ID 2025072727-2-335607 OL 1",27/07/2025,,"200,000.00","6,974,098.00"
27/07/2025,1640-901-65064 20250727-500012-1 B 3,27/07/2025,,"100,000.00","7,074,098.00"
27/07/2025,"3590-901-5811 SYLHET POULTRY, KADAMTALI BRANCH OL 1",27/07/2025,,"40,000.00","7,114,098.00"
27/07/2025,"1008-901-10378 RAHI POULTRY FE, TAJPUR BRANCH (OL) OL 1",27/07/2025,,"34,000.00","7,148,098.00"
27/07/2025,939-901-41774 KAZI FARMS LIMI OL 1,27/07/2025,,"300,000.00","7,448,098.00"
27/07/2025,939-901-41774 KAZI FARMS LIMI OL 1,27/07/2025,,"100,000.00","7,548,098.00"
27/07/2025,"PIAPP, OWN BANK BUSINESS, A/C: 473*-***- **576, A R SHADHIN POULTRY FEED. Trx.ID 2025072727-2-342547 OL 1",27/07/2025,,"26,000.00","7,574,098.00"
27/07/2025,"3616-901-16257 RIFAT POULTRY F, CHOWMUHANA BRANCH OL 1",27/07/2025,,"50,000.00","7,624,098.00"
27/07/2025,"PIAPP, OWN BANK SIXTY THOUSAND ONLY. A/C: 372*-***-***000, BOSHRA POULTRY AND FISH FEED. Trx.ID 2025072727-2-344854 OL 1",27/07/2025,,"60,000.00","7,684,098.00"
27/07/2025,"1900-909-0, GOPALGONJ BRANCH OL 1",27/07/2025,,"100,000.00","7,784,098.00"
27/07/2025,"4725-901-7810 M/S FAHAD POULT, RAIPURA BRANCH OL 1",27/07/2025,,"55,000.00","7,839,098.00"
27/07/2025,"PIAPP, OWN BANK NIJAM, A/C: 192*-***-***434, JANNAT POULTRY FEED & CHICKS CENTER. Trx.ID 2025072727-2-350512 OL 1",27/07/2025,,"150,000.00","7,989,098.00"
27/07/2025,"PIAPP, OWN BANK KAZI FIRMS, A/C: 335*-***- **230, TASMIN POULTRY. Trx.ID 2025072727-2- 351043 OL 1",27/07/2025,,"19,000.00","8,008,098.00"
27/07/2025,"PIAPP, OWN BANK AL MODINA HARTA, A/C: 245*-***,***192, AL MODINA FISH AND POULTRY FARM. Trx.ID 2025072727-2-351076",27/07/2025,,"116,000.00","8,124,098.00"
27/07/2025,"PIAPP, OWN BANK ANOWAR POULTRY CHHAGALNIYA, A/C: 230*-***-***220, ANWAR POULTRY AND FEEDS COMPLEX. Trx.ID",27/07/2025,,"200,000.00","8,324,098.00"
27/07/2025,"756-901-42585 M/S SIRAJ TRADE, RANGAMATI BRANCH OL 1",27/07/2025,,"200,000.00","8,524,098.00"
27/07/2025,"1682-901-23924 M/S MAA POULTRY, MADAN BRANCH OL 1",27/07/2025,,"40,000.00","8,564,098.00"
27/07/2025,"PIAPP, OWN BANK MA BABAR DOA POULTRY JAMAL PUR NANDI, A/C: 407*-***-***421, MA BABAR DOWA POULTRY & FISH FEED. Trx.ID",27/07/2025,,"100,000.00","8,664,098.00"
27/07/2025,"PIAPP, OWN BANK CHICK, A/C: 037*-***-***509, M/S AKON TRADERS. Trx.ID 2025072727-2- 371200 OL 1",27/07/2025,,"30,000.00","8,694,098.00"
27/07/2025,"PIAPP, OWN BANK FAHAD RAHMAN, A/C: 442*- ***-***837, FAHAD RAHMAN. Trx.ID 2025072727-2-372508 OL 1",27/07/2025,,"34,000.00","8,728,098.00"
27/07/2025,"4518-901-15577 M/S BISWAS POUL, CHUKNAGAR(RURAL BRANCH (FROM-CD-15577) OL 1",27/07/2025,,"180,000.00","8,908,098.00"
27/07/2025,"4518-901-15577 M/S BISWAS POUL, CHUKNAGAR(RURAL BRANCH (FROM-CD-15577) OL 1",27/07/2025,,"21,870.00","8,929,968.00"
27/07/2025,"PIAPP, OWN BANK KAZIBHJ, A/C: 389*-***- ***337, SHAHJALAL PROTEIN HOUSE & MEDICINE. Trx.ID 2025072727-2-383146 OL 1",27/07/2025,,"26,400.00","8,956,368.00"
27/07/2025,"PIAPP, OWN BANK 144, A/C: 372*-***-***491, ZIHAD POULTRY & FISH FEED. Trx.ID 2025072727-2-390207 OL 1",27/07/2025,,"11,500.00","8,967,868.00"
27/07/2025,"626-901-30855 LOKNATH POULTRY, SREEMONGAL BRANCH OL 1",27/07/2025,,"65,000.00","9,032,868.00"
27/07/2025,CR SND 1159 T 11,27/07/2025,"9,027,000.00",,"5,868.00"
27/07/2025,"PIAPP, OWN BANK APPLE. A/C: 148*.*.*.*744, ABDULLAH POULTY. Trx.ID 2025072727-2-499134 OL 1",27/07/2025,,"7,560.00","13,428.00"
27/07/2025,"PIAPP, OWN BANK BUSINESS. A/C: 495*.*.*358, M/S LOVANA POULTRY FEED. Trx.ID 2025072727-2-506326 OL 1",27/07/2025,,"36,890.00","50,318.00"
27/07/2025,"PIAPP, OWN BANK ALOM42944. A/C: 372*.*.*576, MASRURA POULTRY FEED. Trx.ID 2025072727-2-553319 OL 1",27/07/2025,,"78,840.00","129,158.00"
27/07/2025,"PIAPP, OWN BANK FEED. A/C: 253*.*.*700, BATEN POULTRY. Trx.ID 2025072727-2-595967 OL 1",27/07/2025,,"30,000.00","159,158.00"
27/07/2025,"PIAPP, OWN BANK BACHA. A/C: 463*.*.*.*813, M/S SHAH POULTRY FEED AND MEDICINE. Trx.ID 2025072727-2-614291 OL 1",27/07/2025,,"100,000.00","259,158.00"
27/07/2025,"PIAPP, OWN BANK MUMIN. A/C: 101*.*.*938, MUMIN STORE. Trx.ID 2025072727-2-628491 OL 1",27/07/2025,,"12,800.00","271,958.00"
27/07/2025,"PIAPP, OWN BANK BOILAR CHICKS. A/C: 463*.*.*298, REKHA VETERINARY CORNER. Trx.ID 2025072727-2-665817 OL 1",27/07/2025,,"70,000.00","341,958.00"
28/07/2025,"PIAPP, OWN BANK ROSS 800 AMDAT 1150 SHAWKAT 22. A/C: 380*.*.*137, A. F. FISH FEED AND GOAT FIRM. Trx.ID 2025072828-2",28/07/2025,,"40,000.00","381,958.00"
28/07/2025,"470-902-1646 NABANNA TRADERS, TANGAIL MAIN BRANCH OL 1",28/07/2025,,"20,000.00","401,958.00"
28/07/2025,"470-902-1646 NABANNA TRADERS, TANGAIL MAIN BRANCH OL 1",28/07/2025,,"60,000.00","461,958.00"
28/07/2025,"EFT - BANGLADESH KRISHI BA, CHICK, COMP. - BEPARI BOHUMUKH TRXID.: 20250728-8-128174 EFTN 1",28/07/2025,,"40,000.00","501,958.00"
28/07/2025,"EFT - BANGLADESH KRISHI BA, BUSINESS, COMP. - ZIKRA ENTERPRISE TRXID.: 20250728-8-140988 EFTN 1",28/07/2025,,"60,000.00","561,958.00"
28/07/2025,"2239-901-19728 M/S FAHIMA POUL, TEBUNIA BRANCH OL 1",28/07/2025,,"27,000.00","588,958.00"
28/07/2025,"1162-901-28247 M/S KAKON POULT, SINGAIR BRANCH (TFR FROM CA 28247) OL 1",28/07/2025,,"200,000.00","788,958.00"
28/07/2025,"504-901-20145 M/S EMU TRADERS, JAMALGONJ BRANCH OL 1",28/07/2025,,"11,220.00","800,178.00"
28/07/2025,"1016-909-0, UKHIYA BRANCH (A GAFUR) OL 1",28/07/2025,,"100,500.00","900,678.00"
28/07/2025,"4197-909-0, SITAKUNDA SME BRANCH OL 1",28/07/2025,,"30,000.00","930,678.00"
28/07/2025,"4014-901-9573 M/S MRIDHA POUL, NALCITY BRANCH OL 1",28/07/2025,,"300,000.00","1,230,678.00"
28/07/2025,"4240-901-819 RUPALI POULTRY, RAJAR BAZAR BRANCH OL 1",28/07/2025,,"120,000.00","1,350,678.00"
28/07/2025,"1536-909-0, DOLLAI NOWABPUR BRANCH OL 1",28/07/2025,,"24,000.00","1,374,678.00"
28/07/2025,"PIAPP, OWN BANK BUSINESS. A/C: 142*.*.*405, M/S FEED CENTER. Trx.ID 2025072828-2-222058 OL 1",28/07/2025,,"45,000.00","1,419,678.00"
28/07/2025,"PIAPP, OWN BANK NEW NOOR KHULNA. A/C: 285*.*.*023, NEW NOOR POULTRY & FISH FEED COMPLEX. Trx.ID 2025072828-2-225112",28/07/2025,,"57,000.00","1,476,678.00"
28/07/2025,"PIAPP, OWN BANK CHICKS PAYMENT. A/C: 049*.*.*957, AL KARIM POULTRY PRODUCTS. Trx.ID 2025072828-2-225947 OL 1",28/07/2025,,"15,000.00","1,491,678.00"
28/07/2025,"2653-901-24910 M/S. SALIM POUL, MOULVIBAZAR BRANCH OL 1",28/07/2025,,"120,000.00","1,611,678.00"
28/07/2025,"2247-901-3709 JILANI POURTY F, NANUPUR BRANCH OL 1",28/07/2025,,"24,640.00","1,636,318.00"
28/07/2025,"PIAPP, OWN BANK DOC KHAG 009. A/C: 194-***-562, SHARIF POULTRY FEED CENTER. Trx.ID 2025072828-2-233308 OL 1",28/07/2025,,"200,000.00","1,836,318.00"
28/07/2025,"PIAPP, OWN BANK DDDDD. A/C: 487-***-**036, MAISHA POULTRY FEED. Trx.ID 2025072828-2-233615 OL 1",28/07/2025,,"60,000.00","1,896,318.00"
28/07/2025,"PIAPP, OWN BANK BUISNESS. A/C: 061-***-**560, RASEL ENTERPRISE. Trx.ID 2025072828-2-237923 OL 1",28/07/2025,,"4,700.00","1,901,018.00"
28/07/2025,"1621-901-37211 TAJIM ENTERPRIS, NETROKONA BRANCH OL 1",28/07/2025,,"60,000.00","1,961,018.00"
28/07/2025,"4266-901-5112 M/S. MITU POULT, PHULTALA BRANCH OL 1",28/07/2025,,"10,000.00","1,971,018.00"
28/07/2025,4205-901-9547 20250728-397153-1 B 1,28/07/2025,,"18,200.00","1,989,218.00"
28/07/2025,"4075-901-4303 M/S RAHIM ENTER, NANDINA BAZAR BRANCH OL 1",28/07/2025,,"10,000.00","1,999,218.00"
28/07/2025,"1459-909-0, CHAWK BAZAR, CO BRANCH OL 1",28/07/2025,,"24,700.00","2,023,918.00"
28/07/2025,"PIAPP, OWN BANK SYLH087. A/C: 356-***-**801, NAZAT AGRO. Trx.ID 2025072828-2-260804 OL 1",28/07/2025,,"20,000.00","2,043,918.00"
28/07/2025,"PIAPP, OWN BANK BUSINESS. A/C: 118-***-**476, SHIHAB POULTRY FARM. Trx.ID 2025072828-2-261974 OL 1",28/07/2025,,"64,800.00","2,108,718.00"
28/07/2025,"2178-901-17240 M/S AWUL POULTR, THAKURGAON ROAD BRANCH OL 1",28/07/2025,,"25,000.00","2,133,718.00"
28/07/2025,"2412-901-32555 M/S FORHAD TRAD, DAULATPUR BRANCH OL 1",28/07/2025,,"12,500.00","2,146,218.00"
28/07/2025,"PIAPP, OWN BANK 1235. A/C: 130-***-**990, MOUMITA POULTRY AND FISH FEED. Trx.ID 2025072828-2-268341 OL 1",28/07/2025,,"12,600.00","2,158,818.00"
28/07/2025,"2412-901-42590 M/S TURJO POULT, DAULATPUR BRANCH OL 1",28/07/2025,,"100,000.00","2,258,818.00"
28/07/2025,"4656-909-0, TARKI BANDAR BRANCH OL 1",28/07/2025,,"30,000.00","2,288,818.00"
28/07/2025,"PIAPP, OWN BANK SALAM. A/C: 307-***-**204, SALAM POULTRY & FEED. Trx.ID 2025072828-2-271435 OL 1",28/07/2025,,"35,200.00","2,324,018.00"
28/07/2025,"PIAPP, OWN BANK NUSRAT POULTRY. A/C: 301-***-**161, M/S NUSRAT POULTRY. Trx.ID 2025072828-2-274072 OL 1",28/07/2025,,"22,000.00","2,346,018.00"
28/07/2025,"5054-901-425 CROWN AGRO INDU, SONARGAON JANAP BRANCH OL 1",28/07/2025,,"800,000.00","3,146,018.00"
28/07/2025,"4725-901-7810 M/S FAHAD POULT, RAIPURA BRANCH OL 1",28/07/2025,,"15,000.00","3,161,018.00"
28/07/2025,"1536-909-0, DOLLAI NOWABPUR BRANCH OL 1",28/07/2025,,"26,400.00","3,187,418.00"
28/07/2025,"1215-901-36917 M/S MAYMUNA TRA, BHOLA BRANCH OL 1",28/07/2025,,"40,000.00","3,227,418.00"
28/07/2025,"1215-901-36917 M/S MAYMUNA TRA, BHOLA BRANCH OL 1",28/07/2025,,"18,000.00","3,245,418.00"
28/07/2025,"PIAPP, OWN BANK KAZI FIRMS. A/C: 335*-***-**230, TASMIN POULTRY. Trx.ID 2025072828-2-290796 OL 1",28/07/2025,,"46,800.00","3,292,218.00"
28/07/2025,"PIAPP, OWN BANK HABIB VARIETIES STO. A/C: 102*-***-**515, HABIB VARIETIES STORE. Trx.ID 2025072828-2-295479 OL 1",28/07/2025,,"40,000.00","3,332,218.00"
28/07/2025,"PIAPP, OWN BANK ARIYAN POULTRY. A/C: 360*-***-**811, M/S ARIYAN AND ARABI POULTRY & FEED. Trx.ID 2025072828-2-306158",28/07/2025,,"35,000.00","3,367,218.00"
28/07/2025,"2454-909-0, BAZAR ROAD BRANCH (NAIM) OL 1",28/07/2025,,"50,000.00","3,417,218.00"
28/07/2025,"PIAPP, OWN BANK MODENA POLTE. A/C: 370*-**-**576, MODINA POULTRY FEEDS. Trx.ID 2025072828-2-310042 OL 1",28/07/2025,,"50,000.00","3,467,218.00"
28/07/2025,"PIAPP, OWN BANK BUSNE. A/C: 463*-***-**660, M/S MONNI POULTRY FEED & MEDICINE. Trx.ID 2025072828-2-313503 OL 1",28/07/2025,,"160,000.00","3,627,218.00"
28/07/2025,"1640-909-0, KISHOREGONJ BRANCH OL 1",28/07/2025,,"13,600.00","3,640,818.00"
28/07/2025,CR SND 1159 T 9,28/07/2025,"3,635,000.00",,"5,818.00"
28/07/2025,"PIAPP, OWN BANK ADNAN POULTRY. A/C: 118*-***-**611, MD. ABUL HUSSAIN. Trx.ID 2025072828-2-333947 OL 1",28/07/2025,,"36,000.00","41,818.00"
28/07/2025,"PIAPP, OWN BANK CHICKS. A/C: 118*-***-**776, ANIK POULTRY FEED & CHICKS. Trx.ID 2025072828-2-348326 OL 1",28/07/2025,,"38,000.00","79,818.00"
28/07/2025,"PIAPP, OWN BANK PAY. A/C: 060*-***-**034, M/S AWAL POULTRY & FISHERIES. Trx.ID 2025072828-2-358512 OL 1",28/07/2025,,"30,000.00","109,818.00"
28/07/2025,"PIAPP, OWN BANK KM POULTRY. A/C: 441*-***-**990, M/S K.M. POULTRY & FEED SHOP. Trx.ID 2025072828-2-380723 OL 1",28/07/2025,,"28,280.00","138,098.00"
28/07/2025,"PIAPP, OWN BANK BUSINESS. A/C: 495*-***-**358, M/S LOVANA POULTRY FEED. Trx.ID 2025072828-2-474196 OL 1",28/07/2025,,"52,800.00","190,898.00"
28/07/2025,"PIAPP, OWN BANK KHUL022. A/C: 587*-***-**232, M/S S A INTERNATIONAL. Trx.ID 2025072828-2-490556 OL 1",28/07/2025,,"20,000.00","210,898.00"
28/07/2025,"PIAPP, OWN BANK LEYAR CHECKS. A/C: 146*-**-**718, M/S SHAPLA TRADERS. Trx.ID 2025072828-2-493401 OL 1",28/07/2025,,"20,500.00","231,398.00"
28/07/2025,"PIAPP, OWN BANK CHICK. A/C: 406*-***-**683, BISMILLAH POULTRY FIRM. Trx.ID 2025072828-2-497726 OL 1",28/07/2025,,"1,000.00","232,398.00"
28/07/2025,"PIAPP, OWN BANK ROSS 600 23 TOSLIM. A/C: 380*-***-**137, A. F. FISH FEED AND GOAT FIRM. Trx.ID 2025072828-2-510062 OL 1",28/07/2025,,"13,800.00","246,198.00"
28/07/2025,"PIAPP, OWN BANK CHICKS PAYMENT. A/C: 281*-***-**207, M/S AYMONA POULTRY FEED & CHICKS. Trx.ID 2025072828-2-515717 OL 1",28/07/2025,,"26,000.00","272,198.00"
28/07/2025,"PIAPP, OWN BANK ALOM42944. A/C: 372*-***-**576, MASRURA POULTRY FEED. Trx.ID 2025072828-2-546183 OL 1",28/07/2025,,"92,880.00","365,078.00"
28/07/2025,"PIAPP, OWN BANK CHICK PURCHESS. A/C: 473*-***-**437, M/S HOWLADAR POULTRY FEEDS. Trx.ID 2025072828-2-550956 OL 1",28/07/2025,,"11,000.00","376,078.00"
28/07/2025,"PIAPP, OWN BANK KANCHON MIA POULTRY. A/C: 339*-***-**965, M/S KANCHON MIA POULTRY FEED. Trx.ID 2025072828-2-556659",28/07/2025,,"270,000.00","646,078.00"
28/07/2025,"PIAPP, OWN BANK KAZI CHICK. A/C: 477*-***-**266, M/S SURAIYA POULTRY FIRM. Trx.ID 2025072828-2-601717 OL 1",28/07/2025,,"300,000.00","946,078.00"
29/07/2025,"PIAPP, OWN BANK KAZI FARMS LTD. A/C: 174*-***-**047, AKBAR ENTERPRISE. Trx.ID 2025072929-2-85547 OL 1",29/07/2025,,"52,000.00","998,078.00"
29/07/2025,"PIAPP, OWN BANK KAZI. A/C: 194*-***-**238, M/S. BACCHU MIA SALES CENTRE. Trx.ID 2025072929-2-134955 OL 1",29/07/2025,,"14,000.00","1,012,078.00"
29/07/2025,"3372-909-0, SATMATHA BRANCH OL 1",29/07/2025,,"6,000.00","1,018,078.00"
29/07/2025,"PIAPP, OWN BANK BUSINESS. A/C: 316*-***-***126, MONOWARA CHICKS & FEEDCENTER. Trx.ID 2025072929-2-153800 OL 1",29/07/2025,,"46,000.00","1,064,078.00"
29/07/2025,"PIAPP, OWN BANK BUSINESS. A/C: 316*-***-***126, MONOWARA CHICKS & FEEDCENTER. Trx.ID 2025072929-2-155086 OL 1",29/07/2025,,"15,680.00","1,079,758.00"
29/07/2025,"1613-901-58766 M/S SAJAL ENTER,GAIBANDHA BRANCH (CD-58766) OL 1",29/07/2025,,"59,000.00","1,138,758.00"
29/07/2025,"1900-901-41184 MOUSUMI MOTSHO,GOPALGONJ BRANCH (FROM CD-41184) OL 1",29/07/2025,,"39,200.00","1,177,958.00"
29/07/2025,"4786-909-0, COLONEL HAT BRANCH (MD.MOHIUDDIN) OL 1",29/07/2025,,"30,000.00","1,207,958.00"
29/07/2025,"1900-901-41184 MOUSUMI MOTSHO,GOPALGONJ BRANCH (FROM CD-41184) OL 1",29/07/2025,,"8,100.00","1,216,058.00"
29/07/2025,"PIAPP, OWN BANK BUSINESS. A/C: 316*-***-***126, MONOWARA CHICKS & FEEDCENTER. Trx.ID 2025072929-2-198995 OL 1",29/07/2025,,"56,800.00","1,272,858.00"
29/07/2025,"1051-102-483 M/S JANONI POUL, RAJAPURBRANCH (CR FROM 1051102000483) OL 1",29/07/2025,,"24,900.00","1,297,758.00"
29/07/2025,"1162-901-23360 M/S. CHAITI AN, SINGAIRBRANCH OL 1",29/07/2025,,"200,000.00","1,497,758.00"
29/07/2025,"4993-909-0, BSCIC BRANCH OL 1",29/07/2025,,"80,000.00","1,577,758.00"
29/07/2025,"4656-909-0, TARKI BANDAR BRANCH OL 1",29/07/2025,,"20,000.00","1,597,758.00"
29/07/2025,"PIAPP, OWN BANK DDDDD. A/C: 487*-***-***036, MAISHA POULTRY FEED. Trx.ID2025072929-2-226900 OL 1",29/07/2025,,"80,000.00","1,677,758.00"
29/07/2025,4924-901-12060 ALIF POULTRY &MONIRAMPUR BRANCH OL 1,29/07/2025,,"11,200.00","1,688,958.00"
29/07/2025,4924-901-12060 ALIF POULTRY &MONIRAMPUR BRANCH OL 1,29/07/2025,,"30,000.00","1,718,958.00"
29/07/2025,INTERBANK FUND TRANSFER BRAC BANKLIMITED 2073409480001 0,29/07/2025,,"9,600.00","1,728,558.00"
29/07/2025,"4431-901-7793 SATOTA POULTRY,PATKELGHATA (RU BRANCH OL 1",29/07/2025,,"90,000.00","1,818,558.00"
29/07/2025,"PIAPP, OWN BANK AFRIN TRADERS. A/C: 019*-***939, M/S RAKIB LEYAR AGRO FARM.Trx.ID 2025072929-2-236155 OL 1",29/07/2025,,"10,200.00","1,828,758.00"
29/07/2025,"2263-901-14122 SARMI POULTRY F,SARATGONJ BRANCH OL 1",29/07/2025,,"50,000.00","1,878,758.00"
29/07/2025,"PIAPP, OWN BANK LAYER. A/C: 018*-***533,M/S NUSRAT POULTRY COMPLEX. Trx.ID2025072929-2-239246 OL 1",29/07/2025,,"50,000.00","1,928,758.00"
29/07/2025,"4197-909-0, SITAKUNDA SME BRANCH OL 1",29/07/2025,,"10,000.00","1,938,758.00"
29/07/2025,"2412-901-32555 M/S FORHAD TRAD,DAULATPUR BRANCH OL 1",29/07/2025,,"36,000.00","1,974,758.00"
29/07/2025,"4725-901-7810 M/S FAHAD POULT, RAIPURABRANCH (CD-7810) OL 1",29/07/2025,,"31,000.00","2,005,758.00"
29/07/2025,"4266-901-4580 SHAIKH ENTERPRI, PHULTALABRANCH OL 1",29/07/2025,,"70,000.00","2,075,758.00"
29/07/2025,"2308-909-0, CHHAGALNAIYA BRANCH OL 1",29/07/2025,,"133,000.00","2,208,758.00"
29/07/2025,"PIAPP, OWN BANK KAZI CHICKS PAYMENT. A/C: 049*---***957, AL KARIM POULTRY PRODUCTS. Trx.ID 2025072929-2-277774 OL 1",29/07/2025,,"18,000.00","2,226,758.00"
29/07/2025,"1406-901-12901 M/S ORIN TRADER, GOALABAZAR BRANCH OL 1",29/07/2025,,"100,000.00","2,326,758.00"
29/07/2025,1674-901-12454 HAFSA POULTRY & BABUGONJ BRANCH (CD-12454) OL 1,29/07/2025,,"9,000.00","2,335,758.00"
29/07/2025,"3616-901-16257 RIFAT POULTRY F, CHOWMUHANA BRANCH OL 1",29/07/2025,,"20,000.00","2,355,758.00"
29/07/2025,"PIAPP, OWN BANK BUSNIESS. A/C: 107*-***-***330, M/S SEBA POULTRY FEED & MEDICINE ZONE. Trx.ID 2025072929-2-285341 OL 1",29/07/2025,,"150,000.00","2,505,758.00"
29/07/2025,"581-909-0, BHERAMARA BRANCH OL 1",29/07/2025,,"30,000.00","2,535,758.00"
29/07/2025,"PIAPP, OWN BANK MDANU. A/C: 352*-***-***197, M/S HALIMA POULTRY PRODUCT. Trx.ID 2025072929-2-287255 OL 1",29/07/2025,,"20,000.00","2,555,758.00"
29/07/2025,"661-909-0, DINAJPUR BRANCH OL 1",29/07/2025,,"80,000.00","2,635,758.00"
29/07/2025,"1016-909-0, UKHIYA BRANCH (A GAFUR) OL 1",29/07/2025,,"200,000.00","2,835,758.00"
29/07/2025,"PIAPP, OWN BANK ONE LAC ONLY. A/C: 372*-***-***000, BOSHRA POULTRY AND FISH FEED. Trx.ID 2025072929-2-298772 OL 1",29/07/2025,,"100,000.00","2,935,758.00"
29/07/2025,"3972-901-5360 M/S ASHA POULTR, DHAKA DAKSHIN BRANCH OL 1",29/07/2025,,"30,000.00","2,965,758.00"
29/07/2025,"PIAPP, OWN BANK BUSINESS. A/C: 439*-***-***170, M/S ABBAJAN AGRO FOODS. Trx.ID 2025072929-2-307762 OL 1",29/07/2025,,"1,700.00","2,967,458.00"
29/07/2025,"PIAPP, OWN BANK FEED. A/C: 253*-***-***700, BATEN POULTRY. Trx.ID 2025072929-2-309079 OL 1",29/07/2025,,"44,000.00","3,011,458.00"
29/07/2025,"2022-901-14440 M/S NISHAD TRAD, PARK ROAD BRANCH OL 1",29/07/2025,,"50,000.00","3,061,458.00"
29/07/2025,"2022-901-14440 M/S NISHAD TRAD, PARK ROAD BRANCH OL 1",29/07/2025,,"100,000.00","3,161,458.00"
29/07/2025,"4542-901-13250 M/S TALUKDER EN, MOHANGANJ BRANCH OL 1",29/07/2025,,"100,000.00","3,261,458.00"
29/07/2025,"PIAPP, OWN BANK CHICK PAYMENT. A/C: 261*-***-***911, M/S SOTOTA POULTRY FEEDS. Trx.ID 2025072929-2-319111 OL 1",29/07/2025,,"30,000.00","3,291,458.00"
29/07/2025,"2852-901-44011 M/S SIFAT ENTER, SHAIKHPARA BAZA BRANCH OL 1",29/07/2025,,"200,000.00","3,491,458.00"
29/07/2025,"1138-901-23943 M/S MA-MONI POU, KALAIYA BANDAR BRANCH OL 1",29/07/2025,,"20,000.00","3,511,458.00"
29/07/2025,"PIAPP, OWN BANK ADNAN POULTRY. A/C: 118*-***-***611, MD. ABUL HUSSAIN. Trx.ID 2025072929-2-325985 OL 1",29/07/2025,,"14,400.00","3,525,858.00"
29/07/2025,INTERBANK FUND TRANSFER IFIC BANK LIMITED 0220336710811 0,29/07/2025,,"39,680.00","3,565,538.00"
29/07/2025,"PIAPP, OWN BANK BUSINESS PURPOSE. A/C: 153*-***-***976, TAREQ POULTRY FIRM AND FEED. Trx.ID 2025072929-2-329244 OL 1",29/07/2025,,"8,000.00","3,573,538.00"
29/07/2025,"2576-901-14798 SIKDER POULTRY, NAYERGAON BAZAR BRANCH OL 1",29/07/2025,,"22,000.00","3,595,538.00"
29/07/2025,"4518-901-15577 M/S BISWAS POUL, CHUKNAGAR(RURAL BRANCH OL 1",29/07/2025,,"200,000.00","3,795,538.00"
29/07/2025,"PIAPP, OWN BANK BACHA. A/C: 463*---***813, M/S SHAH POULTRY FEED AND MEDICINE. Trx.ID 2025072929-2-345960 OL 1",29/07/2025,,"150,000.00","3,945,538.00"
29/07/2025,"PIAPP, OWN BANK BACHA. A/C: 463*---***813, M/S SHAH POULTRY FEED AND MEDICINE. Trx.ID 2025072929-2-346997 OL 1",29/07/2025,,"24,000.00","3,969,538.00"
29/07/2025,"4630-901-7417 SHADHIN POULTRY, BELABO BRANCH OL 1",29/07/2025,,"100,000.00","4,069,538.00"
29/07/2025,CR SND 1159 T 11,29/07/2025,"4,064,000.00",,"5,538.00"
29/07/2025,"PIAPP, OWN BANK CHICK PAYMENT. A/C: 261*---***911, M/S SOTOTA POULTRY FEEDS. Trx.ID 2025072929-2-427940 OL 1",29/07/2025,,"15,000.00","20,538.00"
29/07/2025,"PIAPP, OWN BANK SAHAB. A/C: 104*---***683, M/S. ENAM TRADERS. Trx.ID 2025072929-2-429731 OL 1",29/07/2025,,"48,000.00","68,538.00"
29/07/2025,"PIAPP, OWN BANK BOILAR CHICKS. A/C: 463*---***298, REKHA VETERINARY CORNER. Trx.ID 2025072929-2-442405 OL 1",29/07/2025,,"70,000.00","138,538.00"
29/07/2025,"PIAPP, OWN BANK ALOM42944. A/C: 372*---***576, MASRURA POULTRY FEED. Trx.ID 2025072929-2-450982 OL 1",29/07/2025,,"130,800.00","269,338.00"
29/07/2025,"PIAPP, OWN BANK SALAM. A/C: 307*---***204, SALAM POULTRY & FEED. Trx.ID 2025072929-2-455272 OL 1",29/07/2025,,"25,600.00","294,938.00"
29/07/2025,"PIAPP, OWN BANK LAYDDR. A/C: 484*---***930, HENA AGRO. Trx.ID 2025072929-2-466055 OL 1",29/07/2025,,"7,200.00","302,138.00"
29/07/2025,"PIAPP, OWN BANK TRANSFER. A/C: 132*---***310, M/S FARUQUE TRADERS. Trx.ID 2025072929-2-467196 OL 1",29/07/2025,,"100,000.00","402,138.00"
29/07/2025,"PIAPP, OWN BANK ALOM42944. A/C: 372*---***576, MASRURA POULTRY FEED. Trx.ID 2025072929-2-478624 OL 1",29/07/2025,,"14,400.00","416,538.00"
29/07/2025,"PIAPP, OWN BANK AL MAMUN POULTRY PRODUCTS. A/C: 286*---***574, M/S AL-MAMUN POULTRY PRODUCTS. Trx.ID",29/07/2025,,"21,000.00","437,538.00"
29/07/2025,"PIAPP, OWN BANK BOILAR CHICKS. A/C: 463*---***298, REKHA VETERINARY CORNER. Trx.ID 2025072929-2-525746 OL 1",29/07/2025,,"30,000.00","467,538.00"
29/07/2025,"PIAPP, OWN BANK CHICK PURCHESS. A/C: 473*---***437, M/S HOWLADAR POULTRY FEEDS. Trx.ID 2025072929-2-535383 OL 1",29/07/2025,,"7,040.00","474,578.00"
29/07/2025,"PIAPP, OWN BANK POULTRY CHECKS. A/C: 138*---***908, M/S RANGDHONU POULTRY FEED AND MEDICINE. Trx.ID 2025072929-2",29/07/2025,,"65,000.00","539,578.00"
29/07/2025,"PIAPP, OWN BANK BUSINESS. A/C: 495*---***358, M/S LOVANA POULTRY FEED. Trx.ID 2025072929-2-602258 OL 1",29/07/2025,,"24,200.00","563,778.00"
29/07/2025,"PIAPP, OWN BANK SHARKAR POULTRY FEED. A/C: 011*---***290, M/S SHARKAR POULTRY FEED AND FARM. Trx.ID 2025072929-2-631303",29/07/2025,,"20,000.00","583,778.00"
30/07/2025,"PIAPP, OWN BANK SABUJ KANTI CHOWDHURY. A/C: 049*---***871, M/S SHUVRO ENTERPRISE. Trx.ID 2025073030-2",30/07/2025,,"13,800.00","597,578.00"
30/07/2025,"4760-909-0, BABURHAT BRANCH OL 1",30/07/2025,,"3,850.00","601,428.00"
30/07/2025,"PIAPP, OWN BANK CHIKS. A/C: 058*---***896, M/S MOHON TRADERS. Trx.ID 2025073030-2-161681 OL 1",30/07/2025,,"50,000.00","651,428.00"
30/07/2025,"1215-901-36917 M/S MAYMUNA TRA, BHOLA BRANCH OL 1",30/07/2025,,"20,000.00","671,428.00"
30/07/2025,"2401-909-0, MEHENDIGONJ BRANCH OL 1",30/07/2025,,"50,000.00","721,428.00"
30/07/2025,"2454-901-30474 CHARBARIA POULT, BAZAR ROAD BRANCH OL 1",30/07/2025,,"45,000.00","766,428.00"
30/07/2025,"4993-909-0, BSCIC BRANCH OL 1",30/07/2025,,"10,000.00","776,428.00"
30/07/2025,"PIAPP, OWN BANK BUSINESS. A/C: 397*-***-***467, M/S J R POULTRY FARM. Trx.ID 2025073030-2-207527 OL 1",30/07/2025,,"20,000.00","796,428.00"
30/07/2025,"PIAPP, OWN BANK SDFDD. A/C: 487*-***-***036, MAISHA POULTRY FEED. Trx.ID 2025073030-2-221785 OL 1",30/07/2025,,"70,000.00","866,428.00"
30/07/2025,"PIAPP, OWN BANK CHIKS. A/C: 151*-***-***531, MD. SHARIFUL ISLAM. Trx.ID 2025073030-2-227911 OL 1",30/07/2025,,"6,980.00","873,408.00"
30/07/2025,"2022-901-19710 M/S BINTI TRADE, PARK ROAD BRANCH (2022901019710) OL 1",30/07/2025,,"100,000.00","973,408.00"
30/07/2025,"3669-909-0, NOAPARA BAZAR BRANCH OL 1",30/07/2025,,"10,500.00","983,908.00"
30/07/2025,"1008-901-10378 RAHI POULTRY FE, TAJPUR BRANCH (OL) OL 1",30/07/2025,,"16,000.00","999,908.00"
30/07/2025,"4197-901-1785 M/S KALLANY AGR, SITAKUNDA SME BRANCH OL 1",30/07/2025,,"21,700.00","1,021,608.00"
30/07/2025,"626-901-30855 LOKNATH POULTRY, SREEMONGAL BRANCH OL 1",30/07/2025,,"50,000.00","1,071,608.00"
30/07/2025,"4656-901-10722 BISWAS POULTRY, TARKI BANDAR BRANCH OL 1",30/07/2025,,"10,000.00","1,081,608.00"
30/07/2025,"4985-901-4845 M/S JAKIR POULT, BHULTA BRANCH OL 1",30/07/2025,,"30,800.00","1,112,408.00"
30/07/2025,"4266-901-5112 M/S. MITU POULT, PHULTALA BRANCH OL 1",30/07/2025,,"7,500.00","1,119,908.00"
30/07/2025,"520-901-25979 M/S NAZMIN POUL, CHHATAK BRANCH OL 1",30/07/2025,,"50,000.00","1,169,908.00"
30/07/2025,"1831-909-0, NARAIL BRANCH OL 1",30/07/2025,,"5,000.00","1,174,908.00"
30/07/2025,"4672-909-0, NEKMOROD BRANCH (YPUSUF) OL 1",30/07/2025,,"6,500.00","1,181,408.00"
30/07/2025,"PIAPP, OWN BANK CHICK. A/C: 037*-***-***509, M/S AKON TRADERS. Trx.ID 2025073030-2-265770 OL 1",30/07/2025,,"20,000.00","1,201,408.00"
30/07/2025,"1621-901-16216 M/S CRECENT ENT, NETROKONA BRANCH (CD 16216) OL 1",30/07/2025,,"1,200.00","1,202,608.00"
30/07/2025,"1621-901-16216 M/S CRECENT ENT, NETROKONA BRANCH (CD 16216) OL 1",30/07/2025,,"40,000.00","1,242,608.00"
30/07/2025,"3590-901-5811 SYLHET POULTRY, KADAMTALI BRANCH OL 1",30/07/2025,,"30,000.00","1,272,608.00"
30/07/2025,"1051-909-0, RAJAPUR BRANCH OL 1",30/07/2025,,"15,000.00","1,287,608.00"
30/07/2025,"504-909-0, JAMALGONJ BRANCH (EMU TRADERS) OL 1",30/07/2025,,"11,440.00","1,299,048.00"
30/07/2025,"PIAPP, OWN BANK FOR CHICKS. A/C: 175*-***-***720, ANISHA POULTRY PRODUCT. Trx.ID 2025073030-2-298108 OL 1",30/07/2025,,"24,500.00","1,323,548.00"
30/07/2025,"PIAPP, OWN BANK MDANU. A/C: 352*-***-***197, M/S HALIMA POULTRY PRODUCT. Trx.ID 2025073030-2-300123 OL 1",30/07/2025,,"50,000.00","1,373,548.00"
30/07/2025,"894-901-16123 HYE TRADERS., GHORASHAL BRANCH (CD-16123) OL 1",30/07/2025,,"20,000.00","1,393,548.00"
30/07/2025,939-901-41774 KAZI FARMS LIMI OL 1,30/07/2025,,"88,000.00","1,481,548.00"
30/07/2025,939-901-41774 KAZI FARMS LIMI OL 1,30/07/2025,,"1,700.00","1,483,248.00"
30/07/2025,"PIAPP, OWN BANK BUSINESS. A/C: 494*-***- ***134, M/S SAIRA ENTERPRISE. Trx.ID 2025073030-2-310438 OL 1",30/07/2025,,"50,000.00","1,533,248.00"
30/07/2025,"PIAPP, OWN BANK N S POULTRY. A/C: 407*- **-***186, M/S. N.S POULTRY & FISH FEED. Trx.ID 2025073030-2-311110 OL 1",30/07/2025,,"21,000.00","1,554,248.00"
30/07/2025,"PIAPP, OWN BANK N S POULTRY. A/C: 407*- **-***186, M/S. N.S POULTRY & FISH FEED. Trx.ID 2025073030-2-312394 OL 1",30/07/2025,,"6,000.00","1,560,248.00"
30/07/2025,"PIAPP, OWN BANK CHECKS. A/C: 146*-***- ***718, M/S SHAPLA TRADERS. Trx.ID 2025073030-2-312792 OL 1",30/07/2025,,"68,000.00","1,628,248.00"
30/07/2025,"463-999-0, KUSHTIA (ISLAMIC) BRANCH 939- 901-41774 KAZI FARMS LIMI OL 1",30/07/2025,,"20,000.00","1,648,248.00"
30/07/2025,"3972-901-5360 M/S ASHA POULTR, DHAKA DAKSHIN BRANCH OL 1",30/07/2025,,"50,000.00","1,698,248.00"
30/07/2025,"PIAPP, OWN BANK CHICK. A/C: 118*-***-***776, ANIK POULTRY FEED & CHICKS. Trx.ID 2025073030-2-316205 OL 1",30/07/2025,,"17,280.00","1,715,528.00"
30/07/2025,"5038-901-3033 MOSTOFA PAULTR, MODHUKHALI BRANCH OL 1",30/07/2025,,"51,700.00","1,767,228.00"
30/07/2025,"1181-901-15460 FULECHA POULTR, NABIGONJ BRANCH OL 1",30/07/2025,,"33,920.00","1,801,148.00"
30/07/2025,"PIAPP, OWN BANK SAYFUL. A/C: 140*-***- ***594, RAKIB POULTRY PRODUCTS. Trx.ID 2025073030-2-323327 OL 1",30/07/2025,,"50,000.00","1,851,148.00"
30/07/2025,"4725-901-7810 M/S FAHAD POULT, RAIPURA BRANCH OL 1",30/07/2025,,"20,000.00","1,871,148.00"
30/07/2025,"841-909-0, SAIDPUR BRANCH OL 1",30/07/2025,,"13,600.00","1,884,748.00"
30/07/2025,"1181-901-15800 M/S PROTYASHA P, NABIGONJ BRANCH OL 1",30/07/2025,,"30,600.00","1,915,348.00"
30/07/2025,"PIAPP, OWN BANK FOURTY EIGHT THOUSAND ONL. A/C: 521*-***-***197, AL AMIN POULTRY & CHIKS FEED. Trx.ID 2025073030-2-",30/07/2025,,"48,000.00","1,963,348.00"
30/07/2025,"3556-901-1940 DHAKA BREEDERS & HATCHERY, PRINCIPAL (ISLAMIC) BRANCH 939-901-41774 KAZI FARMS LIMI OL 1",30/07/2025,,"1,250,000.00","3,213,348.00"
30/07/2025,"2852-901-44011 M/S SIFAT ENTER, SHAIKHPARA BAZA BRANCH OL 1",30/07/2025,,"250,000.00","3,463,348.00"
30/07/2025,"PIAPP, OWN BANK PAYMENT. A/C: 397*-***- ***467, M/S J R POULTRY FARM. Trx.ID 2025073030-2-353084 OL 1",30/07/2025,,"10,000.00","3,473,348.00"
30/07/2025,"PIAPP, OWN BANK SAHAB. A/C: 104*-***-***683, M/S. ENAM TRADERS. Trx.ID 2025073030-2- 354018 OL 1",30/07/2025,,"70,000.00","3,543,348.00"
30/07/2025,"PIAPP, OWN BANK ANOWAR POULTRY CHHAGALNIYA. A/C: 230*-***-***220, ANWAR POULTRY AND FEEDS COMPLEX. Trx.ID",30/07/2025,,"150,000.00","3,693,348.00"
30/07/2025,"PIAPP, OWN BANK BUSINESS. A/C: 469*-***- ***956, M/S APON ENTERPRISE. Trx.ID 2025073030-2-359660 OL 1",30/07/2025,,"50,000.00","3,743,348.00"
30/07/2025,"PIAPP, OWN BANK MODENA POLTE. A/C: 370*- ***-***576, MODINA POULTRY FEEDS. Trx.ID 2025073030-2-362919 OL 1",30/07/2025,,"40,000.00","3,783,348.00"
30/07/2025,"PIAPP, OWN BANK NIJAM. A/C: 192*-*-***434, JANNAT PULTRY FEED & CHICKS CENTER. Trx.ID 2025073030-2-363058 OL 1",30/07/2025,,"65,000.00","3,848,348.00"
30/07/2025,"3616-901-16257 RIFAT POULTRY F, CHOWMUHANA BRANCH OL 1",30/07/2025,,"30,000.00","3,878,348.00"
30/07/2025,"PIAPP, OWN BANK NIJAM. A/C: 192*-*-***434, JANNAT PULTRY FEED & CHICKS CENTER. Trx.ID 2025073030-2-377601 OL 1",30/07/2025,,"5,000.00","3,883,348.00"
30/07/2025,CR SND 1159 T 11,30/07/2025,"3,878,000.00",,"5,348.00"
30/07/2025,"PIAPP, OWN BANK ISLAMIC PULTRY FEED. A/C: 465*-*-***776, ISLAMIC POULTRY FEED. Trx.ID 2025073030-2-382881 OL 1",30/07/2025,,"5,000.00","10,348.00"
30/07/2025,"PIAPP, OWN BANK SALAM. A/C: 307*-*-***204, SALAM POULTRY & FEED. Trx.ID 2025073030-2-406218 OL 1",30/07/2025,,"29,120.00","39,468.00"
30/07/2025,"EFT - EXPORT IMPORT BANK O, PAYMENT, COMP. - NOTAPPLICABLE TRXID.: 20250730-8-428777 EFTN 1",30/07/2025,,"50,000.00","89,468.00"
30/07/2025,"4362-901-14288 M/S TALUKDER P, GALACHIPA BRANCH OL 1",30/07/2025,,"50,000.00","139,468.00"
30/07/2025,"PIAPP, OWN BANK KHUL022. A/C: 587*-*-***232, M/S S A INTERNATIONAL. Trx.ID 2025073030-2-533969 OL 1",30/07/2025,,"30,000.00","169,468.00"
30/07/2025,"PIAPP, OWN BANK CHICK PAYMENT. A/C: 261*-*-***911, M/S SOTOTA POULTRY FEEDS. Trx.ID 2025073030-2-538663 OL 1",30/07/2025,,"25,000.00","194,468.00"
30/07/2025,"PIAPP, OWN BANK ROKIBUL. A/C: 221*-*-***978, NAFISH TRADERS. Trx.ID 2025073030-2-552983 OL 1",30/07/2025,,"17,600.00","212,068.00"
30/07/2025,"PIAPP, OWN BANK BACHA. A/C: 463*-*-***813, M/S SHAH POULTRY FEED AND MEDICINE. Trx.ID 2025073030-2-562417 OL 1",30/07/2025,,"100,000.00","312,068.00"
30/07/2025,"PIAPP, OWN BANK FEED. A/C: 253*-*-***700, BATEN POULTRY. Trx.ID 2025073030-2-562475 OL 1",30/07/2025,,"21,500.00","333,568.00"
30/07/2025,"PIAPP, OWN BANK ORPITATRADERS. A/C: 151*-*-***327, ORPITA TRADERS. Trx.ID 2025073030-2-609284 OL 1",30/07/2025,,"104,000.00","437,568.00"
30/07/2025,"PIAPP, OWN BANK BOILAR CHICKS. A/C: 463*-*-***298, REKHA VETERINARY CORNER. Trx.ID 2025073030-2-610963 OL 1",30/07/2025,,"30,000.00","467,568.00"
30/07/2025,"PIAPP, OWN BANK LAYER. A/C: 463*-*-***298, REKHA VETERINARY CORNER. Trx.ID 2025073030-2-612818 OL 1",30/07/2025,,"15,000.00","482,568.00"
30/07/2025,"PIAPP, OWN BANK FORHAD TIGER. A/C: 442*-*-***979, M/S SHAHED POULTRY FARM. Trx.ID 2025073030-2-664529 OL 1",30/07/2025,,"27,300.00","509,868.00"
31/07/2025,INTERBANK FUND TRANSFER ISLAMI BANK BANGLADESH LIMITED 20507770209307789 0,31/07/2025,,"5,440.00","515,308.00"
31/07/2025,"PIAPP, OWN BANK ALOM42944. A/C: 372*-*-***576, MASRURA POULTRY FEED. Trx.ID 2025073131-2-98711 OL 1",31/07/2025,,"3,200.00","518,508.00"
31/07/2025,"374-909-0, BARISAL BRANCH OL 1",31/07/2025,,"11,520.00","530,028.00"
31/07/2025,"374-901-57576 DAS POULTRY COR, BARISAL BRANCH OL 1",31/07/2025,,"142,000.00","672,028.00"
31/07/2025,"PIAPP, OWN BANK COCK. A/C: 276*-*-***936, ETU ENTERPRISE. Trx.ID 2025073131-2-135090 OL 1",31/07/2025,,"21,500.00","693,528.00"
31/07/2025,"PIAPP, OWN BANK BROILAR. A/C: 276*-*-***936, ETU ENTERPRISE. Trx.ID 2025073131-2-136882 OL 1",31/07/2025,,"53,000.00","746,528.00"
31/07/2025,"1621-901-37211 TAJIM ENTERPRIS, NETROKONA BRANCH OL 1",31/07/2025,,"30,000.00","776,528.00"
31/07/2025,"5513-901-2183 MANSURA ENTERPR, SACHNA BAZAR SU BRANCH OL 1",31/07/2025,,"17,500.00","794,028.00"
31/07/2025,"4656-901-10722 BISWAS POULTRY, TARKI BANDAR BRANCH OL 1",31/07/2025,,"10,000.00","804,028.00"
31/07/2025,"4014-909-0, NALCITY BRANCH (ABDULLAH) OL 1",31/07/2025,,"23,300.00","827,328.00"
31/07/2025,"PIAPP, OWN BANK ADNAN POULTRY. A/C: 118""-**-**611, MD. ABUL HUSSAIN. Trx.ID 2025073131-2-218189 OL 1",31/07/2025,,"13,600.00","840,928.00"
31/07/2025,"4240-901-819 RUPALI POULTRY, RAJAR BAZAR BRANCH OL 1",31/07/2025,,"100,000.00","940,928.00"
31/07/2025,"4083-901-3126 MODINA POULTRY, JOGIDAHAR BRANCH OL 1",31/07/2025,,"20,000.00","960,928.00"
31/07/2025,"4725-102-85 M/S RONGDHANU P, RAIPURA BRANCH (SND-85) OL 1",31/07/2025,,"200,000.00","1,160,928.00"
31/07/2025,"4091-901-18297 M/S. ASA TRADER, NAVARAN BAZAR BRANCH OL 1",31/07/2025,,"40,000.00","1,200,928.00"
31/07/2025,"1491-909-0, BAGERHAT BRANCH OL 1",31/07/2025,,"5,000.00","1,205,928.00"
31/07/2025,"PIAPP, OWN BANK BUSINESS PROPUSE. A/C: 275""-**-**598, M/S ROKIB BROTHERS AND MISRO FARM. Trx.ID 2025073131-2-262220 OL 1",31/07/2025,,"25,000.00","1,230,928.00"
31/07/2025,"PIAPP, OWN BANK TTT. A/C: 131""-**-**131, M/S SHOHAG POULTRY MEDIA. Trx.ID 2025073131-2-266875 OL 1",31/07/2025,,"105,600.00","1,336,528.00"
31/07/2025,"626-901-30855 LOKNATH POULTRY, SREEMONGAL BRANCH OL 1",31/07/2025,,"15,000.00","1,351,528.00"
31/07/2025,"2454-901-30474 CHARBARIA POULT, BAZAR ROAD BRANCH OL 1",31/07/2025,,"25,000.00","1,376,528.00"
31/07/2025,"1475-901-25454 SHAHAJAHAN TRAD, HATIYA BRANCH OL 1",31/07/2025,,"100,000.00","1,476,528.00"
31/07/2025,"114-901-61169 M/S M R ENTERPR, SIRAJGONJ BRANCH OL 1",31/07/2025,,"9,500.00","1,486,028.00"
31/07/2025,"463-999-0, KUSHTIA (ISLAMIC) BRANCH 939-901-41774 KAZI FARMS LIMI OL 1",31/07/2025,,"13,000.00","1,499,028.00"
31/07/2025,"463-999-0, KUSHTIA (ISLAMIC) BRANCH 939-901-41774 KAZI FARMS LIMI OL 1",31/07/2025,,"15,000.00","1,514,028.00"
31/07/2025,"PIAPP, OWN BANK DDDDD. A/C: 487""-**-**036, MAISHA POULTRY FEED. Trx.ID 2025073131-2-304275 OL 1",31/07/2025,,"100,000.00","1,614,028.00"
31/07/2025,"PIAPP, OWN BANK MDANU. A/C: 352""-**-**197, M/S HALIMA POULTRY PRODUCT. Trx.ID 2025073131-2-307449 OL 1",31/07/2025,,"30,000.00","1,644,028.00"
31/07/2025,"1093-909-0, NAZIRPUR BRANCH OL 1",31/07/2025,,"100,000.00","1,744,028.00"
31/07/2025,"PIAPP, OWN BANK ANOWAR POULTRY CHHAGALNIYA. A/C: 230""-**-**220, ANWAR POULTRY AND FEEDS COMPLEX. Trx.ID",31/07/2025,,"80,000.00","1,824,028.00"
31/07/2025,"1093-909-0, NAZIRPUR BRANCH OL 1",31/07/2025,,"6,700.00","1,830,728.00"
31/07/2025,"PIAPP, OWN BANK BUSINESS. A/C: 494""-**-**134, M/S SAIRA ENTERPRISE. Trx.ID 2025073131-2-317539 OL 1",31/07/2025,,"50,000.00","1,880,728.00"
31/07/2025,"PIAPP, OWN BANK MS PARVEZ POULTRY AND FISH FEED. A/C: 147""-**-**681, M/S PARVEZ POULTRY AND FISH FEED. Trx.ID 2025073131-",31/07/2025,,"54,000.00","1,934,728.00"
31/07/2025,"PIAPP, OWN BANK MS PARVEZ POULTRY AND FISH FEED. A/C: 147*---***681, M/S PARVEZ POULTRY AND FISH FEED. Trx.ID 2025073131-1",31/07/2025,,"5,000.00","1,939,728.00"
31/07/2025,"1215-909-0, BHOLA BRANCH OL 1",31/07/2025,,"10,000.00","1,949,728.00"
31/07/2025,"PIAPP, OWN BANK CKESS. A/C: 018*---***291, BROTHERS ENTERPRISE. Trx.ID 2025073131-2-325455 OL 1",31/07/2025,,"65,500.00","2,015,228.00"
31/07/2025,"PIAPP, OWN BANK MAA ENTERPRISE. A/C: 223*---***044, MAA ENTERPRISE. Trx.ID 2025073131-2-327215 OL 1",31/07/2025,,"10,000.00","2,025,228.00"
31/07/2025,"4725-901-7810 M/S FAHAD POULT, RAIPURA BRANCH (CD-7810) OL 1",31/07/2025,,"29,000.00","2,054,228.00"
31/07/2025,"2011-909-0, SARAK BAZAR BRANCH OL 1",31/07/2025,,"7,500.00","2,061,728.00"
31/07/2025,"PIAPP, OWN BANK BUSINESS. A/C: 473*---***576, A R SHADHIN POULTRY FEED. Trx.ID 2025073131-2-341588 OL 1",31/07/2025,,"10,000.00","2,071,728.00"
31/07/2025,"PIAPP, OWN BANK CHECK. A/C: 194*---***284, S M POULTRY FARM. Trx.ID 2025073131-2-347713 OL 1",31/07/2025,,"50,000.00","2,121,728.00"
31/07/2025,"1016-909-0, UKHIYA BRANCH OL 1",31/07/2025,,"10,000.00","2,131,728.00"
31/07/2025,"5280-901-116 M/S BILLAL POLT, BORHANUDDIN BRANCH OL 1",31/07/2025,,"10,000.00","2,141,728.00"
31/07/2025,"PIAPP, OWN BANK KAZI FIRMS. A/C: 335*---***230, TASMIN POULTRY. Trx.ID 2025073131-2-367783 OL 1",31/07/2025,,"42,000.00","2,183,728.00"
31/07/2025,"PIAPP, OWN BANK KAZI FARMS. A/C: 018*---***533, M/S NUSRAT POULTRY COMPLEX. Trx.ID 2025073131-2-368260 OL 1",31/07/2025,,"50,000.00","2,233,728.00"
31/07/2025,"PIAPP, OWN BANK LAYER. A/C: 018*---***533, M/S NUSRAT POULTRY COMPLEX. Trx.ID 2025073131-2-369302 OL 1",31/07/2025,,"50,000.00","2,283,728.00"
31/07/2025,"3590-901-5811 SYLHET POULTRY, KADAMTALI BRANCH OL 1",31/07/2025,,"20,000.00","2,303,728.00"
31/07/2025,"4266-901-5112 M/S. MITU POULT, PHULTALA BRANCH OL 1",31/07/2025,,"8,000.00","2,311,728.00"
31/07/2025,"PIAPP, OWN BANK BUSINES. A/C: 358*---***531, LUKMAN CHICKS AND FEED LTD. Trx.ID 2025073131-2-375561 OL 1",31/07/2025,,"20,000.00","2,331,728.00"
31/07/2025,"3616-901-16257 RIFAT POULTRY F, CHOWMUHANA BRANCH OL 1",31/07/2025,,"20,000.00","2,351,728.00"
31/07/2025,"756-901-42585 M/S SIRAJ TRADE, RANGAMATI BRANCH OL 1",31/07/2025,,"310,000.00","2,661,728.00"
31/07/2025,"4197-901-1785 M/S KALLANY AGR, SITAKUNDA SME BRANCH OL 1",31/07/2025,,"15,000.00","2,676,728.00"
31/07/2025,"PIAPP, OWN BANK MIM POULTRY CORNER CHICKS DEPOSIT. A/C: 158*---***244, M/S MIM POULTRY CORNER. Trx.ID 2025073131-2-",31/07/2025,,"20,000.00","2,696,728.00"
31/07/2025,"PIAPP, OWN BANK MONIR. A/C: 503*---***406, BISMILLAH TRADERS. Trx.ID 2025073131-2-380596 OL 1",31/07/2025,,"25,000.00","2,721,728.00"
31/07/2025,"1138-901-23943 M/S MA-MONI POU, KALAIYA BANDAR BRANCH OL 1",31/07/2025,,"51,000.00","2,772,728.00"
31/07/2025,"3972-901-5360 M/S ASHA POULTR, DHAKA DAKSHIN BRANCH OL 1",31/07/2025,,"30,000.00","2,802,728.00"
31/07/2025,ATM FUND TRANSFER 2767 IMRAN ENTERPRISE 5940,31/07/2025,,"11,500.00","2,814,228.00"
31/07/2025,"297-909-0, RANGPUR MAIN BRANCH (MASUM) OL 1",31/07/2025,,"72,000.00","2,886,228.00"
31/07/2025,"PIAPP, OWN BANK MAYER DOA POULTRY PATU015. A/C: 507""-""""""206, M/S MAYER DOA POULTRY AND FISH FEED. Trx.ID 2025073131-",31/07/2025,,"60,000.00","2,946,228.00"
31/07/2025,INTERBANK FUND TRANSFER IFIC BANK LIMITED 0220336710811 0,31/07/2025,,"20,000.00","2,966,228.00"
31/07/2025,"PIAPP, OWN BANK CKECKS. A/C: 164""-""""-""""249, M/S. HIMU ENTERPRISE. Trx.ID 2025073131-2-394536 OL 1",31/07/2025,,"14,000.00","2,980,228.00"
31/07/2025,CR SND 1159 T 11,31/07/2025,"2,873,000.00",,"107,228.00"
31/07/2025,"PIAPP, OWN BANK AL MODINA HARTA. A/C: 245""-""""""192, AL MODINA FISH AND POULTRY FARM. Trx.ID 2025073131-2-397177",31/07/2025,,"10,000.00","117,228.00"
31/07/2025,INTERBANK FUND TRANSFER ISLAMI BANK BANGLADESH LIMITED 20502940100074518 0,31/07/2025,,"20,000.00","137,228.00"
31/07/2025,"PIAPP, OWN BANK SAYFUL. A/C: 140""-""""-""""594, RAKIB POULTRY PRODUCTS. Trx.ID 2025073131-2-416148 OL 1",31/07/2025,,"3,000.00","140,228.00"
31/07/2025,"PIAPP, OWN BANK NIJAM. A/C: 192""-""""""434, JANNAT POULTRY FEED & CHICKS CENTER. Trx.ID 2025073131-2-418027 OL 1",31/07/2025,,"50,000.00","190,228.00"
31/07/2025,"PIAPP, OWN BANK MODENA POLTE. A/C: 370""-""""""576, MODINA POULTRY FEEDS. Trx.ID 2025073131-2-448751 OL 1",31/07/2025,,"100,000.00","290,228.00"
31/07/2025,ATM FUND TRANSFER 5861 PRAMANIK POULTRY AND FEED CENTER 1144,31/07/2025,,"25,000.00","315,228.00"
31/07/2025,"PIAPP, OWN BANK CHICK. A/C: 037""-""""""509, M/S AKON TRADERS. Trx.ID 2025073131-2-456890 OL 1",31/07/2025,,"10,000.00","325,228.00"
31/07/2025,"PIAPP, OWN BANK TWENTY SEVEN THOUSAND THREE THOUSAND. A/C: 372""-""""-""""000, BOSHRA POULTRY AND FISH FEED.",31/07/2025,,"27,360.00","352,588.00"
31/07/2025,"EFT - ISLAMI BANK BANGLADE, IBANKING, COMP. - NOT APPLICABLE TRXID.: 20250731-8-467983 EFTN 1",31/07/2025,,"100,000.00","452,588.00"
31/07/2025,"PIAPP, OWN BANK BUSNE. A/C: 463""-""""""660, M/S MONNI POULTRY FEED & MEDICINE. Trx.ID 2025073131-2-494851 OL 1",31/07/2025,,"60,000.00","512,588.00"
31/07/2025,"PIAPP, OWN BANK BUSNE. A/C: 463""-""""""660, M/S MONNI POULTRY FEED & MEDICINE. Trx.ID 2025073131-2-509317 OL 1",31/07/2025,,"20,000.00","532,588.00"
31/07/2025,"PIAPP, OWN BANK CHICKS PAYMENT. A/C: 281""-""""""207, M/S AYMONA POULTRY FEED & CHICKS. Trx.ID 2025073131-2-552817 OL 1",31/07/2025,,"21,000.00","553,588.00"
31/07/2025,"PIAPP, OWN BANK KHUL022. A/C: 587""-""""-""""232, M/S S A INTERNATIONAL. Trx.ID 2025073131-2-582476 OL 1",31/07/2025,,"33,000.00","586,588.00"
31/07/2025,"PIAPP, OWN BANK CHICKS 1000. A/C: 210""-""""-""""434, M/S MASUD POULTRY FEED. Trx.ID 2025073131-2-591939 OL 1",31/07/2025,,"12,000.00","598,588.00"
31/07/2025,"PIAPP, OWN BANK ALOM42944. A/C: 372""-""""-""""576, MASRURA POULTRY FEED. Trx.ID 2025073131-2-620735 OL 1",31/07/2025,,"47,040.00","645,628.00"
31/07/2025,INTERBANK FUND TRANSFER IFIC BANK LIMITED 4169492035001 0,31/07/2025,,"14,125.00","659,753.00"
31/07/2025,"PIAPP, OWN BANK BOILAR CHICKS. A/C: 463""-""""""298, REKHA VETERINARY CORNER. Trx.ID 2025073131-2-651780 OL 1",31/07/2025,,"80,000.00","739,753.00"
31/07/2025,"PIAPP, OWN BANK LAYER. A/C: 463""-""""""298, REKHA VETERINARY CORNER. Trx.ID 2025073131-2-654045 OL 1",31/07/2025,,"75,000.00","814,753.00"
31/07/2025,"PIAPP, OWN BANK CHICK PURCHESS. A/C: 473""-""""""437, M/S HOWLADAR POULTRY FEEDS. Trx.ID 2025073131-2-654758 OL 1",31/07/2025,,"15,840.00","830,593.00"
31/07/2025,"PIAPP, OWN BANK AIDEL. A/C: 265*.*-*.*866, BISHMILLAH POULTRY CHICKS & FEED. Trx.ID 2025073131-2-715494 OL 1",31/07/2025,,"60,000.00","890,593.00"
31/07/2025,"PIAPP, OWN BANK KHUL022. A/C: 587*.*-*.*232, M/S S A INTERNATIONAL. Trx.ID 2025073131-2-719606 OL 1",31/07/2025,,"30,000.00","920,593.00"
